3278 5332
688 487 919 549 -15-·

193 697 293 774 atque
318 692 472 776 Calysce3
495 691 617 759 Bridce
632 693 733 778 rupis,
756 693 922 775 aspiciens
938 692 1036 759 aliam
1051 711 1167 774 rupem
1182 692 1271 758 ultra
1286 690 1393 758 rivum

194 806 250 886 qui
273 805 479 890 Statynnice.

152 993 263 1064 Brna.
286 997 444 1079 ruina:
457 996 590 1077 Pirnay,
615 995 680 1060 Lit.
702 995 769 1079 48.)

255 1115 347 1175 1057.
371 1108 575 1191 Spytigneus
598 1108 641 1173 ΙΙ.
666 1109 744 1173 6661.
768 1108 934 1173 Lutomcr.
957 1110 1016 1172 dat
1039 1107 1130 1173 XIV.
1154 1108 1252 1174 villas
1277 1126 1392 1173 censu·

191 1222 299 1288 alibus
322 1221 509 1302 hospitibus
532 1219 703 1285 ordinatas
729 1225 764 1285 et
787 1224 922 1285 ornatas
946 1221 1172 1287 servientibus
1188 1240 1227 1287 ac
1244 1220 1390 1285 araturis

193 1338 226 1399 61
249 1333 401 1400 bubulcis
425 1338 487 1399 616.
519 1333 639 1416 Berua,
663 1333 772 1398 Pirne.
803 1371 846 1379 —
880 1336 972 1398 1233.
995 1333 1110 1400 Abbas
1144 1338 1178 1398 61
1209 1337 1393 1399 conventus

192 1466 275 1512 mon.
299 1447 391 1527 Tepl.
414 1444 575 1512 fratribus
605 1445 779 1526 hospitalis
804 1446 835 1512 S.
859 1445 987 1510 Mariae
1019 1449 1176 1511 dedomo
1208 1445 1393 1537 Teutonico

194 1562 236 1624 61
259 1558 291 1624 S.
308 1561 445 1624 Petrum
460 1560 591 1641 Pragae
605 1563 830 1639 exposuerunt
846 1559 907 1624 has
922 1557 1032 1625 villas:
1057 1558 1256 1640 Bulicowici,
1280 1559 1392 1640 Nezel,

193 1673 359 1754 Ugezdec,
383 1672 507 1736 curiam
531 1672 566 1737 in
587 1671 778 1754 liutomiric,
801 1671 911 1737 Perna
935 1689 1007 1735 cum
1030 1670 1137 1737 vineis
1161 1689 1200 1736 ac
1223 1669 1296 1736 aliis
1320 1691 1392 1752 per-

193 1785 345 1851 tinentiis
369 1805 428 1867 pro
461 1785 565 1851 CCCC
598 1784 717 1850 marcis
750 1789 784 1849 et
816 1784 953 1865 insuper
984 1783 1017 1848 in
1050 1802 1132 1864 puro
1165 1788 1305 1866 argento
1338 1784 1389 1849 CC

192 1918 320 1964 marcas
345 1899 469 1964 eisdem
493 1899 641 1980 plenarie
665 1897 906 1980 persolverunt.

148 2087 306 2159 Brriane.
331 2091 487 2173 (Britany,
510 2090 575 2155 Lit.
598 2092 662 2172 43.)

252 2204 306 2269 Oa.
332 2209 424 2268 1057.
459 2204 613 2267 Brennaz
636 2202 745 2267 Jacub
770 2200 915 2266 nutritor
947 2219 1104 2281 equorum
1135 2220 1209 2267 curn
1232 2206 1324 2266 terra
1348 2203 1391 2267 61

189 2320 347 2397 aratrum,
377 2314 605 2380 ministerialis
629 2314 706 2379 eccl.
730 2314 897 2378 Lutomer.
929 2352 971 2359 —
1007 2319 1099 2379 1226.
1123 2313 1256 2380 Ulricus
1282 2333 1389 2380 comes

189 2431 231 2493 16
254 2427 420 2495 Sizenkov
434 2428 542 2493 domui
564 2428 712 2492 Doksan.
737 2426 830 2492 dedit
857 2425 969 2492 villam
1000 2427 1134 2491 Bernan
1158 2445 1230 2492 cum
1246 2408 1313 2491 iilia
1330 2446 1391 2492 sua

188 2542 391 2624 Margareta,
430 2560 516 2622 quae
548 2543 754 2626 postmodum
788 2539 933 2605 Rochow
966 2538 1079 2605 villam
1113 2559 1172 2620 pro
1207 2540 1231 2603 O
1270 2538 1390 2604 marcis

189 2654 394 2736 comparavit
418 2658 480 2719 etc.
504 2655 625 2733 (Brbas
648 2651 722 2735 loc.)

144 2842 291 2932 Brnky.
315 2846 454 2930 (Bmky‚
477 2845 556 2910 Kar.
581 2846 663 2927 242.)

247 2958 335 3024 Villa
359 2958 502 3024 Brenoci
524 2976 608 3022 mon.
632 2957 663 3022 S.
688 2955 834 3039 Georgii.

146 3148 258 3218 Brod.
281 3150 346 3234 (Na
369 3150 478 3214 Brodb
502 3149 545 3213 ad
568 3147 724 3232 Beroun.)
847 3167 849 3170 ⁴
1305 3232 1308 3239 .

250 3261 305 3327 Ca.
331 3264 422 3326 1087.
445 3260 648 3326 Wratislaus
672 3260 716 3325 II.
741 3260 819 3325 eccl.
835 3259 1051 3342 Wyssegrall.
1077 3259 1206 3325 confert
1221 3260 1273 3324 Na
1289 3262 1390 3325 brode

190 3378 231 3440 16
263 3378 355 3439 terra
387 3373 496 3438 6111.
528 3378 642 3442 aratra
676 3392 749 3438 cum
781 3372 1012 3454 piscatoribus.
1044 3411 1087 3420 -
1118 3373 1170 3437 Na
1202 3375 1303 3438 broile
1338 3372 1390 3437 ΙΠ

189 3505 323 3552 manses
348 3506 421 3553 cum
449 3485 681 3568 piscatoribus.
704 3524 747 3532 —
772 3491 864 3551 1179.
886 3485 1076 3551 Deventum
1101 3490 1174 3550 erat
1198 3488 1240 3550 61
1256 3484 1392 3551 fluvium

190 3600 244 3666 cui
266 3618 384 3667 nomen
413 3600 509 3682 Misa,
540 3599 651 3678 ibique
683 3598 718 3663 in
751 3599 823 3664 loco
857 3598 913 3678 qui
948 3599 1071 3664 dicitur
1102 3598 1216 3680 Brodt,
1248 3597 1389 3680 figentes

189 3713 343 3796 tentoria,
366 3717 559 3778 manserunt
576 3716 703 3793 septem
716 3711 850 3791 diebus3
874 3710 950 3776 inde
963 3711 1141 3794 progressi,
1164 3715 1390 3792 pervenerunt

189 3828 231 3890 61
254 3827 361 3892 locum
385 3831 419 3891 et
442 3826 585 3893 rivulum
608 3824 792 3898 Lodenitze
815 3824 993 3909 (Gerlach).

146 4015 332 4086 Brtoania
356 4016 399 4102 (P)

252 4136 344 4197 1135.
367 4130 521 4196 Ecclesia
550 4131 767 4214 Wyssograd.
798 4131 915 4196 habuit
949 4130 1068 4195 Brtcaz
1101 4132 1227 4193 terram
1249 4128 1292 4192 61
1323 4128 1387 4192 166

189 4248 311 4310 aratra.
333 4245 468 4329 (Brtbas
489 4245 562 4327 loc.)

145 4434 330 4506 Brusnioa
352 4432 470 4503 rivus.
495 4435 639 4511 (Bruska
662 4432 864 4516 Pragensis.)

250 4551 349 4617 Hunc
371 4549 478 4614 locum
500 4547 534 4611 in
558 4547 642 4613 silva
667 4566 707 4612 ex
730 4551 827 4628 parte
850 4543 1029 4625 aquilonali
1052 4543 1150 4608 valde
1173 4542 1278 4606 munit
1301 4542 1388 4606 valle

191 4663 354 4745 profunda
377 4661 504 4727 rivulus
527 4653 701 4725 Brusnica.
724 4659 854 4745 (Cosm.)
886 4695 929 4703 —
963 4661 1054 4722 1055.
1088 4655 1198 4720 Jussit
1221 4654 1388 4719 fornacem
