3278 5332
710 529 898 597 -109-

188 740 192 747 ’
221 742 301 805 ante
313 742 469 806 castrum.
490 735 1344 822 -rasamagaretanxorPrziemys111.,recepta
1367 745 1420 804 est

220 850 255 917 in
285 857 383 933 porta
405 851 509 917 castri
532 851 713 934 Progensis
744 854 786 917 ab
819 852 974 934 episcopo
1004 858 1040 917 et
1071 850 1239 917 canonicis
1272 851 1420 963 fragan-

221 964 312 1030 sibus
335 982 408 1031 cum
432 963 642 1047 processione
666 964 812 1031 solemni.
836 967 952 1045 (cosm.
976 965 1083 1049 Cont.)

282 1097 364 1161 1278
387 1095 452 1161 duo
475 1093 603 1161 fossata
624 1093 715 1160 facta
745 1100 824 1160 sunt
847 1100 926 1160 anta
957 1095 1128 1177 Pragense
1153 1101 1315 1175 castrum3
1351 1095 1419 1160 lon·

221 1207 337 1289 gitudo
371 1206 546 1287 utriusque
579 1209 844 1289 protendebatur
881 1207 1043 1275 crivulo
1077 1207 1216 1273 Bruska
1234 1225 1351 1287 usque
1386 1206 1420 1271 in

217 1317 368 1386 Oboram.
383 1298 386 1303 ⁵
401 1320 611 1412 Renoyatum
634 1326 688 1386 est
711 1326 746 1386 et
769 1319 949 1402 antiquum,
979 1321 1066 1400 quod
1090 1325 1143 1387 est
1166 1320 1302 1401 propius
1324 1337 1417 1385 mmo

217 1430 329 1498 castri.
359 1431 411 1498 Ex
434 1431 500 1501 alia
523 1437 620 1514 parte
644 1431 756 1512 castri,
781 1434 868 1514 quod
892 1432 1015 1499 dicitur
1037 1432 1254 1498 criminosam
1276 1437 1416 1516 portam,

214 1541 405 1610 effossatum
426 1543 550 1611 fossum
570 1551 623 1610 est
645 1563 665 1610 a
689 1544 796 1612 rivulo
808 1526 957 1610 Bruska'
973 1550 1008 1611 et
1031 1548 1167 1611 ductum
1190 1564 1250 1626 par
1272 1550 1415 1613 montem

213 1654 304 1738 Opys
327 1675 432 1738 usque
455 1659 497 1722 ad
521 1660 649 1723 domum
672 1657 902 1741 episcopalem.
925 1657 1043 1742 (cosm.
1067 1655 1175 1742 Ceut.)

277 1791 370 1852 1281.
392 1786 513 1854 Pluvia
535 1786 710 1852 deseendit
739 1786 773 1852 in
796 1787 936 1854 maxima
964 1787 1163 1870 quantitate,
1188 1790 1415 1856 subvertendo

212 1897 362 1966 funditus
395 1898 547 1965 aedificia
569 1918 734 1966 murorum
757 1899 792 1966 in
815 1901 979 1985 Pragansi
1002 1906 1114 1967 castro
1137 1900 1412 1967 circaecclesiam

208 2010 244 2106 IS.
268 2009 414 2095 Georgii,
435 2029 563 2077 murum
586 2011 690 2077 castri
713 2030 831 2078 versus
855 2014 1041 2095 aquilonem
1063 2013 1213 2080 funditus
1238 2015 1361 2081 evulsit
1379 2019 1413 2080 et

211 2124 244 2191 in
268 2125 432 2192 Bruscam
455 2124 598 2192 rivulum
621 2126 752 2209 dejecit.

274 2259 367 2321 mal.
390 2248 539 2337 Impetus
563 2260 746 2338 ventorum,
781 2255 838 2338 qui
861 2256 1056 2340 dejecerunt
1080 2255 1278 2339 gravissima
1301 2261 1335 2321 et
1358 2255 1411 2320 fir-

209 2366 355 2434 missima
377 2365 537 2434 aedificia.
560 2367 600 2432 In
622 2367 708 2433 turri
732 2386 817 2449 quae
840 2366 964 2433 dicitur
989 2369 1049 2450 „ad
1073 2369 1229 2452 majorem
1251 2371 1413 2452 portam“,

153 2476 161 2487 “
208 2481 390 2564 Pragensis
413 2483 518 2548 castri
534 2482 672 2565 primum
684 2479 880 2563 aediticium,
903 2480 1409 2548 secundumaedificiumcontra

207 2596 336 2660 domum
359 2596 388 2660 ri.
412 2594 559 2676 episcopi
582 2599 617 2660 et
630 2592 764 2676 curiam,
788 2611 874 2675 quae
886 2597 1071 2663 vocabatur
1083 2593 1269 2676 antiquitus
1285 2595 1408 2678 „turris

207 2704 436 2807 episcopalis“,
470 2707 646 2773 aedificata
680 2706 713 2771 in
747 2704 857 2772 fronte
893 2706 997 2773 castri
1027 2725 1126 2788 opere
1157 2706 1342 2791 firmissimo
1373 2713 1407 2773 at

205 2819 396 2915 artificioso,
425 2818 550 2886 decidit
573 2819 607 2884 in
630 2824 764 2884 terram.
788 2820 935 2885 Tertium
960 2818 1146 2886 aediticium
1169 2818 1407 2886 inturri'cinca

204 2933 321 3014 pedem
345 2932 456 3015 pontis
491 2934 531 2999 de
556 2931 658 2999 nobili
688 2937 723 2998 at
745 2931 926 2998 fortissimo
960 2951 1060 3016 opere
1083 2932 1118 3001 vi
1140 2937 1315 3000 ventorum
1349 2936 1404 3000 de-

203 3053 334 3112 trusum
357 3043 484 3112 corruit
506 3046 539 3111 in
563 3047 697 3112 terram.
720 3046 773 3112 De
792 3045 868 3112 aliis
891 3046 1071 3113 minoribus
1095 3044 1255 3112 aedificiis
1278 3046 1312 3111 in
1336 3051 1404 3111 tur-

202 3157 295 3224 ribus
328 3157 545 3224 munitionum
579 3156 762 3223 aedificatis
802 3175 860 3222 sau
895 3158 1164 3241 propugnaculis
1208 3157 1401 3240 specificare

202 3287 268 3336 uon
291 3289 473 3354 possumus,
497 3273 556 3338 sed
580 3273 759 3337 secundum
779 3271 866 3349 quod
880 3271 1102 3354 cognovimus,
1124 3271 1241 3338 XXIV
1252 3270 1404 3337 aedificia

191 3383 343 3450 turrium
366 3383 454 3449 infra
477 3391 624 3452 castrum
650 3384 821 3467 Pragense
846 3388 880 3449 et
902 3401 1013 3449 muros
1035 3383 1210 3450 civitatum
1246 3402 1307 3465 per
1336 3383 1401 3452 vim

203 3500 377 3564 ventorum
402 3502 608 3564 corruerunt.
631 3497 752 3582 (Gont.)

263 3670 358 3755 Zizi
379 3688 508 3754 locus.

268 3805 357 3867 ioca.
371 3800 568 3867 Oudalrieus
576 3804 643 3867 dux
651 3800 783 3867 rediens
796 3801 831 3867 in
841 3800 992 3884 patriam,
1000 3800 1106 3867 intrat
1113 3805 1260 3867 castrum
1268 3801 1402 3884 Dresia,

199 3916 289 3981 unde
303 3913 440 3981 militem
454 3913 559 3982 mittit
574 3914 638 3980 sibi
652 3913 782 3983 fidelem
799 3920 834 3980 et
861 3918 1033 3996 ammonet,
1056 3933 1121 3994 quo
1138 3914 1268 3979 intrans
1285 3917 1398 3980 urbem

199 4026 342 4110 Pragam
365 4026 399 4111 (a
421 4026 555 4093 Polonis
588 4029 794 4108 occupatam)
824 4046 884 4109 per
906 4031 1037 4092 noctem
1059 4026 1216 4108 clangore
1237 4026 1400 4094 buccinae

198 4138 455 4222 perterrefaciat
478 4140 647 4206 incautum
668 4140 806 4205 hostem.
838 4140 916 4206 Mox
938 4138 1045 4204 fidelis
1069 4139 1173 4206 cliens
1199 4139 1295 4221 jussa
1317 4138 1398 4204 facit

198 4258 234 4320 et
257 4254 442 4320 ascendens
475 4257 575 4319 noctu
609 4253 642 4318 in
676 4254 784 4318 media
815 4255 897 4318 urbe
933 4251 1179 4318 eminentiorem
1203 4249 1319 4333 locum,
1341 4251 1398 4331 qui

154 4384 156 4389 ·
197 4365 322 4432 dicitnr
343 4365 424 4448 zizi,
448 4369 530 4432 tuba
552 4365 684 4432 intonat
709 4375 771 4433 etc.
794 4363 923 4448 (Oasin.)

256 4477 455 4544 Palatium
477 4479 532 4546 vei
562 4479 652 4544 aula
675 4483 709 4544 at
739 4477 888 4545 Solium
918 4496 976 4543 seu
1001 4480 1121 4544 sedes
1144 4475 1396 4557 principalis.

149 4632 152 4637 -
255 4592 340 4658 Fert
347 4591 519 4672 Duringus
533 4589 768 4673 funestadona,
780 4608 920 4672 sperans
936 4609 994 4671 pro
1011 4591 1072 4664 tali
1086 4589 1176 4655 facto
1191 4582 1286 4672 (nece
1304 4587 1395 4654 filioli

173 4710 175 4714 ’
194 4702 289 4769 ducis
312 4701 498 4768 Wlastislai
511 4701 585 4768 olim
609 4702 785 4787 Lucensis)
808 4703 978 4768 innumera
1005 4702 1161 4782 consequi
1191 4719 1336 4784 munere,
1360 4706 1395 4768 et
