<?xml version="1.0" encoding="UTF-8"?>
<!DOCTYPE html PUBLIC "-//W3C//DTD XHTML 1.0 Transitional//EN"
    "http://www.w3.org/TR/xhtml1/DTD/xhtml1-transitional.dtd">
<html xmlns="http://www.w3.org/1999/xhtml" xml:lang="en" lang="en">
 <head>
  <title>
</title>
<meta http-equiv="Content-Type" content="text/html;charset=utf-8" />
  <meta name='ocr-system' content='tesseract 3.04.00' />
  <meta name='ocr-capabilities' content='ocr_page ocr_carea ocr_par ocr_line ocrx_word'/>
</head>
<body>
  <div class='ocr_page' id='page_1' title='image "./antiquaeboemiae00samogoog_0029.png"; bbox 0 0 3278 5332; ppageno 0'>
   <div class='ocr_carea' id='block_1_1' title="bbox 770 507 997 573">
    <p class='ocr_par' dir='ltr' id='par_1_1' title="bbox 770 507 997 573">
     <span class='ocr_line' id='line_1_1' title="bbox 770 507 997 573; baseline -0.004 0"><span class='ocrx_word' id='word_1_1' title='bbox 770 507 931 573; x_wconf 83' lang='lat' dir='ltr'>-XXII</span> <span class='ocrx_word' id='word_1_2' title='bbox 954 547 997 554; x_wconf 86' lang='lat'>-</span> 
     </span>
    </p>
   </div>
   <div class='ocr_carea' id='block_1_2' title="bbox 301 713 1508 913">
    <p class='ocr_par' dir='ltr' id='par_1_2' title="bbox 301 713 1508 913">
     <span class='ocr_line' id='line_1_2' title="bbox 301 713 1508 800; baseline -0.004 -18"><span class='ocrx_word' id='word_1_3' title='bbox 301 720 461 784; x_wconf 88' lang='lat' dir='ltr'>adversus</span> <span class='ocrx_word' id='word_1_4' title='bbox 499 736 555 782; x_wconf 89' lang='lat' dir='ltr'>eos</span> <span class='ocrx_word' id='word_1_5' title='bbox 591 719 803 799; x_wconf 76' lang='lat' dir='ltr'>expeditione</span> <span class='ocrx_word' id='word_1_6' title='bbox 835 717 1004 800; x_wconf 79' lang='lat' dir='ltr'><strong>contrivit,</strong></span> <span class='ocrx_word' id='word_1_7' title='bbox 1041 718 1237 799; x_wconf 81' lang='lat' dir='ltr'>legatosque</span> <span class='ocrx_word' id='word_1_8' title='bbox 1269 714 1362 796; x_wconf 86' lang='lat' dir='ltr'>pacis</span> <span class='ocrx_word' id='word_1_9' title='bbox 1397 713 1508 797; x_wconf 85' lang='lat' dir='ltr'>gratia</span> 
     </span>
     <span class='ocr_line' id='line_1_3' title="bbox 302 828 1259 913; baseline -0.002 -19"><span class='ocrx_word' id='word_1_10' title='bbox 302 830 436 896; x_wconf 88' lang='lat' dir='ltr'>mittere</span> <span class='ocrx_word' id='word_1_11' title='bbox 461 836 496 896; x_wconf 88' lang='lat' dir='ltr'>et</span> <span class='ocrx_word' id='word_1_12' title='bbox 519 831 651 896; x_wconf 87' lang='lat' dir='ltr'>obsides</span> <span class='ocrx_word' id='word_1_13' title='bbox 675 833 759 896; x_wconf 88' lang='lat' dir='ltr'>dare</span> <span class='ocrx_word' id='word_1_14' title='bbox 782 830 902 913; x_wconf 81' lang='lat' dir='ltr'>coegit.</span> <span class='ocrx_word' id='word_1_15' title='bbox 926 829 1022 909; x_wconf 83' lang='lat' dir='ltr'>(Ann.</span> <span class='ocrx_word' id='word_1_16' title='bbox 1045 829 1140 895; x_wconf 82' lang='lat' dir='ltr'>Fuld.</span> <span class='ocrx_word' id='word_1_17' title='bbox 1163 828 1259 912; x_wconf 85' lang='lat' dir='ltr'>Rud.)</span> 
     </span>
    </p>
   </div>
   <div class='ocr_carea' id='block_1_3' title="bbox 246 959 1555 3528">
    <p class='ocr_par' dir='ltr' id='par_1_3' title="bbox 246 959 1555 3528">
     <span class='ocr_line' id='line_1_4' title="bbox 363 959 1508 1040; baseline -0.003 -14"><span class='ocrx_word' id='word_1_18' title='bbox 363 967 434 1027; x_wconf 76' lang='lat'>849.</span> <span class='ocrx_word' id='word_1_19' title='bbox 473 963 677 1028; x_wconf 87' lang='lat' dir='ltr'>Boemani</span> <span class='ocrx_word' id='word_1_20' title='bbox 721 981 805 1028; x_wconf 89' lang='lat' dir='ltr'>more</span> <span class='ocrx_word' id='word_1_21' title='bbox 852 962 949 1028; x_wconf 90' lang='lat' dir='ltr'>solito</span> <span class='ocrx_word' id='word_1_22' title='bbox 994 961 1092 1026; x_wconf 92' lang='lat' dir='ltr'>fidem</span> <span class='ocrx_word' id='word_1_23' title='bbox 1135 959 1347 1040; x_wconf 86' lang='lat' dir='ltr'>mentientes,</span> <span class='ocrx_word' id='word_1_24' title='bbox 1391 960 1508 1022; x_wconf 86' lang='lat' dir='ltr'>contra</span> 
     </span>
     <span class='ocr_line' id='line_1_5' title="bbox 302 1071 1508 1154; baseline -0.008 -11"><span class='ocrx_word' id='word_1_25' title='bbox 302 1078 451 1143; x_wconf 83' lang='lat' dir='ltr'><strong>Francos</strong></span> <span class='ocrx_word' id='word_1_26' title='bbox 482 1076 645 1141; x_wconf 84' lang='lat' dir='ltr'>rebellare</span> <span class='ocrx_word' id='word_1_27' title='bbox 677 1075 865 1141; x_wconf 89' lang='lat' dir='ltr'>moliuntur.</span> <span class='ocrx_word' id='word_1_28' title='bbox 888 1072 941 1139; x_wconf 86' lang='lat' dir='ltr'>Ad</span> <span class='ocrx_word' id='word_1_29' title='bbox 965 1092 1101 1153; x_wconf 91' lang='lat' dir='ltr'>quorum</span> <span class='ocrx_word' id='word_1_30' title='bbox 1125 1071 1268 1154; x_wconf 91' lang='lat' dir='ltr'>perfidos</span> <span class='ocrx_word' id='word_1_31' title='bbox 1291 1075 1400 1136; x_wconf 87' lang='lat' dir='ltr'>motus</span> <span class='ocrx_word' id='word_1_32' title='bbox 1424 1088 1508 1134; x_wconf 92' lang='lat' dir='ltr'>com-</span> 
     </span>
     <span class='ocr_line' id='line_1_6' title="bbox 300 1183 1509 1269; baseline -0.006 -16"><span class='ocrx_word' id='word_1_33' title='bbox 300 1188 488 1269; x_wconf 90' lang='lat' dir='ltr'>primendos</span> <span class='ocrx_word' id='word_1_34' title='bbox 523 1188 754 1269; x_wconf 80' lang='lat' dir='ltr'>Ernnstus,</span> <span class='ocrx_word' id='word_1_35' title='bbox 789 1188 868 1251; x_wconf 88' lang='lat' dir='ltr'>dux</span> <span class='ocrx_word' id='word_1_36' title='bbox 909 1184 1100 1267; x_wconf 90' lang='lat' dir='ltr'>partium</span> <span class='ocrx_word' id='word_1_37' title='bbox 1141 1184 1316 1248; x_wconf 86' lang='lat' dir='ltr'>illarum</span> <span class='ocrx_word' id='word_1_38' title='bbox 1352 1189 1385 1248; x_wconf 91' lang='lat' dir='ltr'>et</span> <span class='ocrx_word' id='word_1_39' title='bbox 1420 1183 1509 1248; x_wconf 88' lang='lat' dir='ltr'>inter</span> 
     </span>
     <span class='ocr_line' id='line_1_7' title="bbox 302 1298 1507 1383; baseline -0.005 -18"><span class='ocrx_word' id='word_1_40' title='bbox 302 1301 424 1365; x_wconf 89' lang='lat' dir='ltr'>amicos</span> <span class='ocrx_word' id='word_1_41' title='bbox 447 1300 537 1383; x_wconf 82' lang='lat' dir='ltr'>regis</span> <span class='ocrx_word' id='word_1_42' title='bbox 561 1302 695 1382; x_wconf 89' lang='lat' dir='ltr'>primus,</span> <span class='ocrx_word' id='word_1_43' title='bbox 719 1299 921 1379; x_wconf 76' lang='lat' dir='ltr'>comitesque</span> <span class='ocrx_word' id='word_1_44' title='bbox 945 1317 1010 1363; x_wconf 87' lang='lat' dir='ltr'>non</span> <span class='ocrx_word' id='word_1_45' title='bbox 1033 1298 1130 1379; x_wconf 90' lang='lat' dir='ltr'>pauci</span> <span class='ocrx_word' id='word_1_46' title='bbox 1153 1302 1254 1377; x_wconf 86' lang='lat' dir='ltr'>atque</span> <span class='ocrx_word' id='word_1_47' title='bbox 1278 1298 1418 1362; x_wconf 86' lang='lat' dir='ltr'>abbates</span> <span class='ocrx_word' id='word_1_48' title='bbox 1436 1313 1507 1362; x_wconf 88' lang='lat' dir='ltr'>cnm</span> 
     </span>
     <span class='ocr_line' id='line_1_8' title="bbox 304 1412 1508 1494; baseline -0.005 -16"><span class='ocrx_word' id='word_1_49' title='bbox 304 1413 451 1478; x_wconf 81' lang='lat' dir='ltr'>exercitu</span> <span class='ocrx_word' id='word_1_50' title='bbox 485 1414 616 1494; x_wconf 88' lang='lat' dir='ltr'>copioso</span> <span class='ocrx_word' id='word_1_51' title='bbox 645 1412 831 1478; x_wconf 88' lang='lat' dir='ltr'>mittuntur.</span> <span class='ocrx_word' id='word_1_52' title='bbox 864 1413 1007 1477; x_wconf 87' lang='lat' dir='ltr'>Barbari</span> <span class='ocrx_word' id='word_1_53' title='bbox 1034 1429 1124 1494; x_wconf 77' lang='lat' dir='ltr'>vero,</span> <span class='ocrx_word' id='word_1_54' title='bbox 1154 1429 1213 1491; x_wconf 92' lang='lat' dir='ltr'>pro</span> <span class='ocrx_word' id='word_1_55' title='bbox 1247 1427 1329 1491; x_wconf 88' lang='lat' dir='ltr'>pace</span> <span class='ocrx_word' id='word_1_56' title='bbox 1354 1413 1388 1473; x_wconf 91' lang='lat' dir='ltr'>et</span> <span class='ocrx_word' id='word_1_57' title='bbox 1416 1425 1508 1473; x_wconf 90' lang='lat' dir='ltr'>seon·</span> 
     </span>
     <span class='ocr_line' id='line_1_9' title="bbox 303 1522 1509 1606; baseline -0.004 -17"><span class='ocrx_word' id='word_1_58' title='bbox 303 1527 407 1590; x_wconf 89' lang='lat' dir='ltr'>ritate</span> <span class='ocrx_word' id='word_1_59' title='bbox 431 1545 490 1590; x_wconf 90' lang='lat' dir='ltr'>sua</span> <span class='ocrx_word' id='word_1_60' title='bbox 514 1525 646 1590; x_wconf 89' lang='lat' dir='ltr'>obsides</span> <span class='ocrx_word' id='word_1_61' title='bbox 672 1543 707 1590; x_wconf 90' lang='lat' dir='ltr'>se</span> <span class='ocrx_word' id='word_1_62' title='bbox 724 1527 860 1589; x_wconf 89' lang='lat' dir='ltr'>daturos</span> <span class='ocrx_word' id='word_1_63' title='bbox 877 1529 912 1589; x_wconf 91' lang='lat' dir='ltr'>et</span> <span class='ocrx_word' id='word_1_64' title='bbox 928 1524 1091 1606; x_wconf 86' lang='lat' dir='ltr'>imperata</span> <span class='ocrx_word' id='word_1_65' title='bbox 1114 1523 1271 1605; x_wconf 84' lang='lat' dir='ltr'>facturos,</span> <span class='ocrx_word' id='word_1_66' title='bbox 1295 1541 1355 1603; x_wconf 94' lang='lat' dir='ltr'>per</span> <span class='ocrx_word' id='word_1_67' title='bbox 1377 1522 1509 1603; x_wconf 83' lang='lat' dir='ltr'>legatos</span> 
     </span>
     <span class='ocr_line' id='line_1_10' title="bbox 301 1636 1510 1720; baseline -0.004 -19"><span class='ocrx_word' id='word_1_68' title='bbox 301 1640 345 1720; x_wconf 89' lang='lat' dir='ltr'>ad</span> <span class='ocrx_word' id='word_1_69' title='bbox 371 1638 596 1718; x_wconf 79' lang='lat' dir='ltr'>Thacnlphunr</span> <span class='ocrx_word' id='word_1_70' title='bbox 615 1637 759 1702; x_wconf 87' lang='lat' dir='ltr'>directos</span> <span class='ocrx_word' id='word_1_71' title='bbox 787 1638 993 1718; x_wconf 89' lang='lat' dir='ltr'>promittunt,</span> <span class='ocrx_word' id='word_1_72' title='bbox 1022 1637 1074 1701; x_wconf 90' lang='lat' dir='ltr'>cui</span> <span class='ocrx_word' id='word_1_73' title='bbox 1098 1656 1157 1717; x_wconf 93' lang='lat' dir='ltr'>pro</span> <span class='ocrx_word' id='word_1_74' title='bbox 1180 1636 1302 1701; x_wconf 87' lang='lat' dir='ltr'>ceteris</span> <span class='ocrx_word' id='word_1_75' title='bbox 1328 1636 1510 1699; x_wconf 88' lang='lat' dir='ltr'>credebant</span> 
     </span>
     <span class='ocr_line' id='line_1_11' title="bbox 305 1747 1509 1833; baseline -0.003 -19"><span class='ocrx_word' id='word_1_76' title='bbox 305 1751 420 1830; x_wconf 85' lang='lat' dir='ltr'>quasi</span> <span class='ocrx_word' id='word_1_77' title='bbox 441 1750 712 1833; x_wconf 82' lang='lat' dir='ltr'>scientileges</span> <span class='ocrx_word' id='word_1_78' title='bbox 735 1754 774 1814; x_wconf 89' lang='lat' dir='ltr'>et</span> <span class='ocrx_word' id='word_1_79' title='bbox 804 1750 1122 1815; x_wconf 86' lang='lat' dir='ltr'>consuetudines</span> <span class='ocrx_word' id='word_1_80' title='bbox 1144 1749 1352 1817; x_wconf 81' lang='lat' dir='ltr'>Solaricae</span> <span class='ocrx_word' id='word_1_81' title='bbox 1377 1747 1509 1830; x_wconf 84' lang='lat' dir='ltr'>gentis</span> 
     </span>
     <span class='ocr_line' id='line_1_12' title="bbox 306 1844 1510 1945; baseline -0.004 -18"><span class='ocrx_word' id='word_1_82' title='bbox 306 1863 392 1927; x_wconf 84' lang='lat' dir='ltr'>Erat</span> <span class='ocrx_word' id='word_1_83' title='bbox 410 1844 608 1943; x_wconf 70' lang='lat' dir='ltr'>quippedum</span> <span class='ocrx_word' id='word_1_84' title='bbox 622 1862 772 1928; x_wconf 82' lang='lat' dir='ltr'>Sorabici</span> <span class='ocrx_word' id='word_1_85' title='bbox 785 1862 908 1945; x_wconf 87' lang='lat' dir='ltr'>limitis,</span> <span class='ocrx_word' id='word_1_86' title='bbox 926 1864 984 1927; x_wconf 87' lang='lat' dir='ltr'>sed</span> <span class='ocrx_word' id='word_1_87' title='bbox 998 1863 1032 1926; x_wconf 92' lang='lat' dir='ltr'>in</span> <span class='ocrx_word' id='word_1_88' title='bbox 1050 1862 1107 1926; x_wconf 91' lang='lat' dir='ltr'>illa</span> <span class='ocrx_word' id='word_1_89' title='bbox 1128 1861 1341 1942; x_wconf 83' lang='lat' dir='ltr'>expeditione</span> <span class='ocrx_word' id='word_1_90' title='bbox 1349 1861 1418 1944; x_wconf 86' lang='lat' dir='ltr'>jam</span> <span class='ocrx_word' id='word_1_91' title='bbox 1431 1865 1510 1923; x_wconf 90' lang='lat' dir='ltr'>tnnc</span> 
     </span>
     <span class='ocr_line' id='line_1_13' title="bbox 295 1972 1510 2058; baseline -0.005 -17"><span class='ocrx_word' id='word_1_92' title='bbox 295 1976 448 2058; x_wconf 81' lang='lat' dir='ltr'>graviter</span> <span class='ocrx_word' id='word_1_93' title='bbox 497 1976 702 2042; x_wconf 85' lang='lat' dir='ltr'>vulneratus.</span> <span class='ocrx_word' id='word_1_94' title='bbox 748 1977 833 2040; x_wconf 85' lang='lat' dir='ltr'>Nam</span> <span class='ocrx_word' id='word_1_95' title='bbox 876 1976 983 2056; x_wconf 85' lang='lat' dir='ltr'>pridie</span> <span class='ocrx_word' id='word_1_96' title='bbox 1026 1993 1098 2041; x_wconf 90' lang='lat' dir='ltr'>cum</span> <span class='ocrx_word' id='word_1_97' title='bbox 1137 1975 1303 2041; x_wconf 85' lang='lat' dir='ltr'>exereitus</span> <span class='ocrx_word' id='word_1_98' title='bbox 1349 1972 1510 2040; x_wconf 86' lang='lat' dir='ltr'>vallum</span> 
     </span>
     <span class='ocr_line' id='line_1_14' title="bbox 299 2085 1511 2170; baseline -0.004 -19"><span class='ocrx_word' id='word_1_99' title='bbox 299 2088 441 2154; x_wconf 90' lang='lat' dir='ltr'>hostium</span> <span class='ocrx_word' id='word_1_100' title='bbox 464 2088 499 2155; x_wconf 88' lang='lat' dir='ltr'>vi</span> <span class='ocrx_word' id='word_1_101' title='bbox 521 2106 641 2170; x_wconf 81' lang='lat' dir='ltr'>magna</span> <span class='ocrx_word' id='word_1_102' title='bbox 673 2089 885 2170; x_wconf 80' lang='lat' dir='ltr'>inrumperet,</span> <span class='ocrx_word' id='word_1_103' title='bbox 914 2093 948 2153; x_wconf 92' lang='lat' dir='ltr'>et</span> <span class='ocrx_word' id='word_1_104' title='bbox 977 2087 1213 2153; x_wconf 86' lang='lat' dir='ltr'>resistentibus</span> <span class='ocrx_word' id='word_1_105' title='bbox 1238 2085 1442 2154; x_wconf 91' lang='lat' dir='ltr'>adversariis</span> <span class='ocrx_word' id='word_1_106' title='bbox 1469 2102 1511 2148; x_wconf 86' lang='lat' dir='ltr'>ex</span> 
     </span>
     <span class='ocr_line' id='line_1_15' title="bbox 299 2197 1510 2282; baseline -0.005 -15"><span class='ocrx_word' id='word_1_107' title='bbox 299 2208 439 2282; x_wconf 87' lang='lat' dir='ltr'>utraque</span> <span class='ocrx_word' id='word_1_108' title='bbox 452 2207 548 2282; x_wconf 85' lang='lat' dir='ltr'>parte</span> <span class='ocrx_word' id='word_1_109' title='bbox 561 2200 655 2266; x_wconf 89' lang='lat' dir='ltr'>multi</span> <span class='ocrx_word' id='word_1_110' title='bbox 671 2202 743 2266; x_wconf 89' lang='lat' dir='ltr'>sine</span> <span class='ocrx_word' id='word_1_111' title='bbox 760 2203 962 2267; x_wconf 80' lang='lat' dir='ltr'>discretione</span> <span class='ocrx_word' id='word_1_112' title='bbox 979 2201 1219 2282; x_wconf 74' lang='lat' dir='ltr'>sauciarentur,</span> <span class='ocrx_word' id='word_1_113' title='bbox 1236 2200 1309 2281; x_wconf 89' lang='lat' dir='ltr'>ipse</span> <span class='ocrx_word' id='word_1_114' title='bbox 1325 2200 1360 2264; x_wconf 90' lang='lat' dir='ltr'>in</span> <span class='ocrx_word' id='word_1_115' title='bbox 1373 2197 1510 2263; x_wconf 89' lang='lat' dir='ltr'>sinistro</span> 
     </span>
     <span class='ocr_line' id='line_1_16' title="bbox 300 2311 1555 2398; baseline -0.004 -17"><span class='ocrx_word' id='word_1_116' title='bbox 300 2334 388 2398; x_wconf 83' lang='lat' dir='ltr'>genu</span> <span class='ocrx_word' id='word_1_117' title='bbox 403 2315 529 2397; x_wconf 80' lang='lat' dir='ltr'>sagitta</span> <span class='ocrx_word' id='word_1_118' title='bbox 551 2333 728 2394; x_wconf 89' lang='lat' dir='ltr'>percussus</span> <span class='ocrx_word' id='word_1_119' title='bbox 748 2321 819 2394; x_wconf 78' lang='lat' dir='ltr'>est3</span> <span class='ocrx_word' id='word_1_120' title='bbox 843 2334 915 2380; x_wconf 89' lang='lat' dir='ltr'>cum</span> <span class='ocrx_word' id='word_1_121' title='bbox 926 2314 1049 2396; x_wconf 83' lang='lat' dir='ltr'>legatis</span> <span class='ocrx_word' id='word_1_122' title='bbox 1073 2331 1152 2378; x_wconf 92' lang='lat' dir='ltr'>vero</span> <span class='ocrx_word' id='word_1_123' title='bbox 1177 2311 1232 2391; x_wconf 90' lang='lat' dir='ltr'>qni</span> <span class='ocrx_word' id='word_1_124' title='bbox 1255 2315 1298 2378; x_wconf 91' lang='lat' dir='ltr'>ad</span> <span class='ocrx_word' id='word_1_125' title='bbox 1323 2331 1394 2377; x_wconf 92' lang='lat' dir='ltr'>eum</span> <span class='ocrx_word' id='word_1_126' title='bbox 1417 2312 1511 2377; x_wconf 89' lang='lat' dir='ltr'>missi</span> <span class='ocrx_word' id='word_1_127' title='bbox 1553 2319 1555 2322; x_wconf 82' lang='grc'><strong>’</strong></span> 
     </span>
     <span class='ocr_line' id='line_1_17' title="bbox 303 2424 1510 2510; baseline -0.004 -18"><span class='ocrx_word' id='word_1_128' title='bbox 303 2428 446 2509; x_wconf 81' lang='lat' dir='ltr'>fuerant,</span> <span class='ocrx_word' id='word_1_129' title='bbox 470 2446 532 2506; x_wconf 88' lang='lat' dir='ltr'>quo</span> <span class='ocrx_word' id='word_1_130' title='bbox 556 2427 662 2491; x_wconf 88' lang='lat' dir='ltr'>minus</span> <span class='ocrx_word' id='word_1_131' title='bbox 686 2430 727 2491; x_wconf 89' lang='lat' dir='ltr'>ab</span> <span class='ocrx_word' id='word_1_132' title='bbox 753 2427 800 2492; x_wconf 91' lang='lat' dir='ltr'>eis</span> <span class='ocrx_word' id='word_1_133' title='bbox 825 2427 982 2491; x_wconf 86' lang='lat' dir='ltr'>debilitas</span> <span class='ocrx_word' id='word_1_134' title='bbox 1000 2428 1069 2510; x_wconf 87' lang='lat' dir='ltr'>ejus</span> <span class='ocrx_word' id='word_1_135' title='bbox 1087 2424 1404 2508; x_wconf 82' lang='lat' dir='ltr'>deprehenderetur,</span> <span class='ocrx_word' id='word_1_136' title='bbox 1428 2441 1510 2504; x_wconf 90' lang='lat' dir='ltr'>equo</span> 
     </span>
     <span class='ocr_line' id='line_1_18' title="bbox 302 2538 1509 2623; baseline -0.004 -18"><span class='ocrx_word' id='word_1_137' title='bbox 302 2542 431 2623; x_wconf 89' lang='lat' dir='ltr'>sedens,</span> <span class='ocrx_word' id='word_1_138' title='bbox 460 2541 614 2605; x_wconf 87' lang='lat' dir='ltr'>simulata</span> <span class='ocrx_word' id='word_1_139' title='bbox 646 2540 805 2623; x_wconf 80' lang='lat' dir='ltr'>sanitate,</span> <span class='ocrx_word' id='word_1_140' title='bbox 835 2539 963 2605; x_wconf 89' lang='lat' dir='ltr'>locutus</span> <span class='ocrx_word' id='word_1_141' title='bbox 987 2544 1048 2605; x_wconf 89' lang='lat' dir='ltr'>est.</span> <span class='ocrx_word' id='word_1_142' title='bbox 1081 2540 1224 2619; x_wconf 77' lang='lat' dir='ltr'>Cumque</span> <span class='ocrx_word' id='word_1_143' title='bbox 1249 2538 1445 2618; x_wconf 89' lang='lat' dir='ltr'>quibusdam</span> <span class='ocrx_word' id='word_1_144' title='bbox 1468 2556 1509 2602; x_wconf 88' lang='lat' dir='ltr'>ex</span> 
     </span>
     <span class='ocr_line' id='line_1_19' title="bbox 300 2651 1510 2735; baseline -0.002 -17"><span class='ocrx_word' id='word_1_145' title='bbox 300 2654 495 2735; x_wconf 90' lang='lat' dir='ltr'>primatibus</span> <span class='ocrx_word' id='word_1_146' title='bbox 508 2652 695 2732; x_wconf 88' lang='lat' dir='ltr'>permissos</span> <span class='ocrx_word' id='word_1_147' title='bbox 715 2671 792 2717; x_wconf 90' lang='lat' dir='ltr'>suos</span> <span class='ocrx_word' id='word_1_148' title='bbox 808 2653 993 2735; x_wconf 80' lang='lat' dir='ltr'>legatorum</span> <span class='ocrx_word' id='word_1_149' title='bbox 1011 2657 1111 2720; x_wconf 86' lang='lat' dir='ltr'>verba</span> <span class='ocrx_word' id='word_1_150' title='bbox 1128 2652 1325 2734; x_wconf 85' lang='lat' dir='ltr'>nuntiasset,</span> <span class='ocrx_word' id='word_1_151' title='bbox 1342 2651 1510 2733; x_wconf 82' lang='lat' dir='ltr'>indignati</span> 
     </span>
     <span class='ocr_line' id='line_1_20' title="bbox 300 2763 1508 2868; baseline -0.002 -38"><span class='ocrx_word' id='word_1_152' title='bbox 300 2772 376 2831; x_wconf 90' lang='lat' dir='ltr'>sunt</span> <span class='ocrx_word' id='word_1_153' title='bbox 392 2765 495 2844; x_wconf 88' lang='lat' dir='ltr'>aliqui</span> <span class='ocrx_word' id='word_1_154' title='bbox 511 2784 621 2831; x_wconf 91' lang='lat' dir='ltr'>eorum</span> <span class='ocrx_word' id='word_1_155' title='bbox 644 2768 805 2832; x_wconf 88' lang='lat' dir='ltr'>adversus</span> <span class='ocrx_word' id='word_1_156' title='bbox 822 2784 903 2846; x_wconf 89' lang='lat' dir='ltr'>eum,</span> <span class='ocrx_word' id='word_1_157' title='bbox 927 2765 1022 2844; x_wconf 88' lang='lat' dir='ltr'>quasi</span> <span class='ocrx_word' id='word_1_158' title='bbox 1038 2765 1161 2830; x_wconf 88' lang='lat' dir='ltr'>ceteris</span> <span class='ocrx_word' id='word_1_159' title='bbox 1183 2763 1345 2845; x_wconf 86' lang='lat' dir='ltr'>praeferri</span> <span class='ocrx_word' id='word_1_160' title='bbox 1362 2763 1508 2868; x_wconf 45' lang='lat' dir='ltr'>cupiens,</span> 
     </span>
     <span class='ocr_line' id='line_1_21' title="bbox 301 2876 1507 2960; baseline -0.003 -16"><span class='ocrx_word' id='word_1_161' title='bbox 301 2898 458 2944; x_wconf 88' lang='lat' dir='ltr'>summam</span> <span class='ocrx_word' id='word_1_162' title='bbox 489 2897 599 2944; x_wconf 88' lang='lat' dir='ltr'>rerum</span> <span class='ocrx_word' id='word_1_163' title='bbox 634 2879 853 2960; x_wconf 80' lang='lat' dir='ltr'>gerendarum</span> <span class='ocrx_word' id='word_1_164' title='bbox 876 2878 910 2942; x_wconf 90' lang='lat' dir='ltr'>in</span> <span class='ocrx_word' id='word_1_165' title='bbox 934 2897 970 2943; x_wconf 90' lang='lat' dir='ltr'>se</span> <span class='ocrx_word' id='word_1_166' title='bbox 1000 2879 1104 2945; x_wconf 87' lang='lat' dir='ltr'>vellet</span> <span class='ocrx_word' id='word_1_167' title='bbox 1132 2876 1311 2956; x_wconf 81' lang='lat' dir='ltr'>inclinare,</span> <span class='ocrx_word' id='word_1_168' title='bbox 1339 2881 1374 2941; x_wconf 91' lang='lat' dir='ltr'>et</span> <span class='ocrx_word' id='word_1_169' title='bbox 1403 2876 1507 2941; x_wconf 89' lang='lat' dir='ltr'>citato</span> 
     </span>
     <span class='ocr_line' id='line_1_22' title="bbox 300 2978 1509 3075; baseline -0.002 -17"><span class='ocrx_word' id='word_1_170' title='bbox 300 2994 432 3075; x_wconf 89' lang='lat' dir='ltr'>impetu,</span> <span class='ocrx_word' id='word_1_171' title='bbox 463 2992 661 3057; x_wconf 88' lang='lat' dir='ltr'>inconsultis</span> <span class='ocrx_word' id='word_1_172' title='bbox 692 2978 824 3074; x_wconf 86' lang='lat' dir='ltr'>ceteris,</span> <span class='ocrx_word' id='word_1_173' title='bbox 855 2992 976 3056; x_wconf 91' lang='lat' dir='ltr'>bellum</span> <span class='ocrx_word' id='word_1_174' title='bbox 1005 2991 1157 3056; x_wconf 88' lang='lat' dir='ltr'>hostibus</span> <span class='ocrx_word' id='word_1_175' title='bbox 1186 2990 1261 3071; x_wconf 88' lang='lat' dir='ltr'>paci</span> <span class='ocrx_word' id='word_1_176' title='bbox 1290 2990 1509 3056; x_wconf 88' lang='lat' dir='ltr'>studentibus</span> 
     </span>
     <span class='ocr_line' id='line_1_23' title="bbox 301 3103 1509 3187; baseline -0.006 -17"><span class='ocrx_word' id='word_1_177' title='bbox 301 3106 497 3187; x_wconf 89' lang='lat' dir='ltr'>intulerunt,</span> <span class='ocrx_word' id='word_1_178' title='bbox 525 3106 704 3184; x_wconf 88' lang='lat' dir='ltr'>statimque</span> <span class='ocrx_word' id='word_1_179' title='bbox 735 3105 866 3185; x_wconf 85' lang='lat' dir='ltr'>experti</span> <span class='ocrx_word' id='word_1_180' title='bbox 894 3109 980 3185; x_wconf 87' lang='lat' dir='ltr'>sunt,</span> <span class='ocrx_word' id='word_1_181' title='bbox 1004 3105 1082 3184; x_wconf 91' lang='lat' dir='ltr'>quid</span> <span class='ocrx_word' id='word_1_182' title='bbox 1107 3104 1177 3169; x_wconf 87' lang='lat' dir='ltr'>sine</span> <span class='ocrx_word' id='word_1_183' title='bbox 1202 3103 1321 3168; x_wconf 90' lang='lat' dir='ltr'>timore</span> <span class='ocrx_word' id='word_1_184' title='bbox 1345 3103 1409 3168; x_wconf 90' lang='lat' dir='ltr'>Dei</span> <span class='ocrx_word' id='word_1_185' title='bbox 1433 3122 1509 3184; x_wconf 93' lang='lat' dir='ltr'>pro.</span> 
     </span>
     <span class='ocr_line' id='line_1_24' title="bbox 246 3215 1503 3312; baseline -0.003 -29"><span class='ocrx_word' id='word_1_186' title='bbox 246 3305 250 3312; x_wconf 94' lang='lat'><em>.</em></span> <span class='ocrx_word' id='word_1_187' title='bbox 301 3219 374 3299; x_wconf 91' lang='lat' dir='ltr'>pria</span> <span class='ocrx_word' id='word_1_188' title='bbox 390 3217 591 3283; x_wconf 89' lang='lat' dir='ltr'>discordium</span> <span class='ocrx_word' id='word_1_189' title='bbox 607 3218 714 3299; x_wconf 90' lang='lat' dir='ltr'>possit</span> <span class='ocrx_word' id='word_1_190' title='bbox 730 3218 838 3283; x_wconf 87' lang='lat' dir='ltr'>virtus</span> <span class='ocrx_word' id='word_1_191' title='bbox 854 3223 889 3282; x_wconf 91' lang='lat' dir='ltr'>et</span> <span class='ocrx_word' id='word_1_192' title='bbox 906 3217 1054 3283; x_wconf 86' lang='lat' dir='ltr'>audacia.</span> <span class='ocrx_word' id='word_1_193' title='bbox 1071 3217 1196 3280; x_wconf 89' lang='lat' dir='ltr'>Hostes</span> <span class='ocrx_word' id='word_1_194' title='bbox 1214 3217 1299 3281; x_wconf 88' lang='lat' dir='ltr'>enim</span> <span class='ocrx_word' id='word_1_195' title='bbox 1316 3215 1503 3296; x_wconf 85' lang='lat' dir='ltr'>superiores</span> 
     </span>
     <span class='ocr_line' id='line_1_25' title="bbox 303 3328 1509 3414; baseline -0.002 -18"><span class='ocrx_word' id='word_1_196' title='bbox 303 3330 422 3414; x_wconf 86' lang='lat' dir='ltr'>effecti,</span> <span class='ocrx_word' id='word_1_197' title='bbox 435 3334 603 3396; x_wconf 89' lang='lat' dir='ltr'>caedendo</span> <span class='ocrx_word' id='word_1_198' title='bbox 617 3331 783 3413; x_wconf 86' lang='lat' dir='ltr'>persecuti</span> <span class='ocrx_word' id='word_1_199' title='bbox 802 3337 878 3396; x_wconf 87' lang='lat' dir='ltr'>sunt</span> <span class='ocrx_word' id='word_1_200' title='bbox 895 3349 950 3396; x_wconf 89' lang='lat' dir='ltr'>eos</span> <span class='ocrx_word' id='word_1_201' title='bbox 967 3330 1117 3410; x_wconf 89' lang='lat' dir='ltr'>usquein</span> <span class='ocrx_word' id='word_1_202' title='bbox 1131 3334 1251 3410; x_wconf 88' lang='lat' dir='ltr'>castra,</span> <span class='ocrx_word' id='word_1_203' title='bbox 1265 3328 1509 3408; x_wconf 84' lang='lat' dir='ltr'>occisorumque</span> 
     </span>
     <span class='ocr_line' id='line_1_26' title="bbox 302 3440 1505 3528; baseline -0.002 -20"><span class='ocrx_word' id='word_1_204' title='bbox 302 3445 407 3525; x_wconf 87' lang='lat' dir='ltr'>spolia</span> <span class='ocrx_word' id='word_1_205' title='bbox 441 3444 474 3508; x_wconf 93' lang='lat' dir='ltr'>in</span> <span class='ocrx_word' id='word_1_206' title='bbox 513 3450 694 3528; x_wconf 86' lang='lat' dir='ltr'>conspectu</span> <span class='ocrx_word' id='word_1_207' title='bbox 733 3463 843 3509; x_wconf 90' lang='lat' dir='ltr'>eorum</span> <span class='ocrx_word' id='word_1_208' title='bbox 886 3462 1002 3509; x_wconf 88' lang='lat' dir='ltr'>secure</span> <span class='ocrx_word' id='word_1_209' title='bbox 1040 3442 1267 3524; x_wconf 88' lang='lat' dir='ltr'>detrahentes,</span> <span class='ocrx_word' id='word_1_210' title='bbox 1305 3440 1410 3505; x_wconf 88' lang='lat' dir='ltr'>tantis</span> <span class='ocrx_word' id='word_1_211' title='bbox 1449 3459 1505 3506; x_wconf 90' lang='lat' dir='ltr'>eos</span> 
     </span>
    </p>
   </div>
   <div class='ocr_carea' id='block_1_4' title="bbox 176 3554 1507 3639">
    <p class='ocr_par' dir='ltr' id='par_1_4' title="bbox 176 3554 1507 3639">
     <span class='ocr_line' id='line_1_27' title="bbox 176 3554 1507 3639; baseline -0.004 -17"><span class='ocrx_word' id='word_1_212' title='bbox 176 3585 183 3596; x_wconf 63' lang='lat'><strong><em>¹</em></strong></span> <span class='ocrx_word' id='word_1_213' title='bbox 262 3603 264 3607; x_wconf 88' lang='lat'>-</span> <span class='ocrx_word' id='word_1_214' title='bbox 304 3558 488 3622; x_wconf 87' lang='lat' dir='ltr'>terroribus</span> <span class='ocrx_word' id='word_1_215' title='bbox 527 3556 719 3639; x_wconf 86' lang='lat' dir='ltr'>affecerunt,</span> <span class='ocrx_word' id='word_1_216' title='bbox 757 3562 792 3622; x_wconf 92' lang='lat' dir='ltr'>ut</span> <span class='ocrx_word' id='word_1_217' title='bbox 825 3557 986 3622; x_wconf 87' lang='lat' dir='ltr'>evadendi</span> <span class='ocrx_word' id='word_1_218' title='bbox 1021 3574 1080 3636; x_wconf 91' lang='lat' dir='ltr'>spe</span> <span class='ocrx_word' id='word_1_219' title='bbox 1116 3555 1250 3636; x_wconf 89' lang='lat' dir='ltr'>penitus</span> <span class='ocrx_word' id='word_1_220' title='bbox 1285 3554 1507 3634; x_wconf 78' lang='lat' dir='ltr'>privarentur,</span> 
     </span>
    </p>
   </div>
   <div class='ocr_carea' id='block_1_5' title="bbox 299 3667 1603 4657">
    <p class='ocr_par' dir='ltr' id='par_1_5' title="bbox 299 3667 1518 4431">
     <span class='ocr_line' id='line_1_28' title="bbox 304 3667 1507 3752; baseline -0.002 -17"><span class='ocrx_word' id='word_1_221' title='bbox 304 3671 400 3735; x_wconf 90' lang='lat' dir='ltr'>Unde</span> <span class='ocrx_word' id='word_1_222' title='bbox 425 3670 533 3735; x_wconf 88' lang='lat' dir='ltr'>coacti</span> <span class='ocrx_word' id='word_1_223' title='bbox 557 3671 688 3736; x_wconf 90' lang='lat' dir='ltr'>obsides</span> <span class='ocrx_word' id='word_1_224' title='bbox 717 3673 841 3736; x_wconf 87' lang='lat' dir='ltr'>dabant</span> <span class='ocrx_word' id='word_1_225' title='bbox 867 3671 923 3752; x_wconf 90' lang='lat' dir='ltr'>eis,</span> <span class='ocrx_word' id='word_1_226' title='bbox 947 3692 966 3736; x_wconf 87' lang='lat' dir='ltr'>a</span> <span class='ocrx_word' id='word_1_227' title='bbox 990 3670 1109 3749; x_wconf 88' lang='lat' dir='ltr'>quibus</span> <span class='ocrx_word' id='word_1_228' title='bbox 1137 3667 1305 3747; x_wconf 91' lang='lat' dir='ltr'>suscipere</span> <span class='ocrx_word' id='word_1_229' title='bbox 1335 3668 1507 3749; x_wconf 83' lang='lat' dir='ltr'>dedignati</span> 
     </span>
     <span class='ocr_line' id='line_1_29' title="bbox 305 3780 1506 3865; baseline 0 -18"><span class='ocrx_word' id='word_1_230' title='bbox 305 3790 390 3865; x_wconf 88' lang='lat' dir='ltr'>sunt,</span> <span class='ocrx_word' id='word_1_231' title='bbox 414 3790 450 3849; x_wconf 89' lang='lat' dir='ltr'>ut</span> <span class='ocrx_word' id='word_1_232' title='bbox 474 3783 591 3848; x_wconf 86' lang='lat' dir='ltr'>inlaesi</span> <span class='ocrx_word' id='word_1_233' title='bbox 622 3786 662 3849; x_wconf 91' lang='lat' dir='ltr'>ab</span> <span class='ocrx_word' id='word_1_234' title='bbox 693 3784 845 3850; x_wconf 91' lang='lat' dir='ltr'>hostibus</span> <span class='ocrx_word' id='word_1_235' title='bbox 873 3790 908 3848; x_wconf 92' lang='lat' dir='ltr'>et</span> <span class='ocrx_word' id='word_1_236' title='bbox 936 3783 1005 3849; x_wconf 88' lang='lat' dir='ltr'>via</span> <span class='ocrx_word' id='word_1_237' title='bbox 1036 3787 1202 3847; x_wconf 87' lang='lat' dir='ltr'>tautum</span> <span class='ocrx_word' id='word_1_238' title='bbox 1234 3780 1410 3863; x_wconf 91' lang='lat' dir='ltr'>publica</span> <span class='ocrx_word' id='word_1_239' title='bbox 1434 3800 1506 3863; x_wconf 89' lang='lat' dir='ltr'>per-</span> 
     </span>
     <span class='ocr_line' id='line_1_30' title="bbox 304 3895 1506 3981; baseline -0.002 -19"><span class='ocrx_word' id='word_1_240' title='bbox 304 3904 432 3980; x_wconf 83' lang='lat' dir='ltr'>gentes,</span> <span class='ocrx_word' id='word_1_241' title='bbox 462 3898 496 3962; x_wconf 80' lang='grc'>111</span> <span class='ocrx_word' id='word_1_242' title='bbox 525 3897 666 3977; x_wconf 88' lang='lat' dir='ltr'>patriam</span> <span class='ocrx_word' id='word_1_243' title='bbox 698 3896 823 3964; x_wconf 88' lang='lat' dir='ltr'>reverti</span> <span class='ocrx_word' id='word_1_244' title='bbox 854 3897 1050 3977; x_wconf 83' lang='lat' dir='ltr'>potuissent.</span> <span class='ocrx_word' id='word_1_245' title='bbox 1090 3897 1135 3960; x_wconf 85' lang='lat' dir='ltr'>Et</span> <span class='ocrx_word' id='word_1_246' title='bbox 1165 3903 1202 3962; x_wconf 91' lang='lat' dir='ltr'>ut</span> <span class='ocrx_word' id='word_1_247' title='bbox 1233 3899 1336 3981; x_wconf 89' lang='lat' dir='ltr'>major</span> <span class='ocrx_word' id='word_1_248' title='bbox 1359 3895 1506 3963; x_wconf 85' lang='lat' dir='ltr'>confusio</span> 
     </span>
     <span class='ocr_line' id='line_1_31' title="bbox 305 4008 1518 4091; baseline -0.002 -17"><span class='ocrx_word' id='word_1_249' title='bbox 305 4008 572 4091; x_wconf 85' lang='lat' dir='ltr'>superbientibus</span> <span class='ocrx_word' id='word_1_250' title='bbox 597 4014 631 4074; x_wconf 90' lang='lat' dir='ltr'>et</span> <span class='ocrx_word' id='word_1_251' title='bbox 655 4011 696 4074; x_wconf 88' lang='lat' dir='ltr'>de</span> <span class='ocrx_word' id='word_1_252' title='bbox 720 4029 779 4074; x_wconf 90' lang='lat' dir='ltr'>sua</span> <span class='ocrx_word' id='word_1_253' title='bbox 795 4009 921 4076; x_wconf 91' lang='lat' dir='ltr'>virtute</span> <span class='ocrx_word' id='word_1_254' title='bbox 936 4010 1223 4089; x_wconf 89' lang='lat' dir='ltr'>praesumentibus</span> <span class='ocrx_word' id='word_1_255' title='bbox 1239 4010 1344 4089; x_wconf 88' lang='lat' dir='ltr'>fieret,</span> <span class='ocrx_word' id='word_1_256' title='bbox 1361 4010 1518 4091; x_wconf 79' lang='lat' dir='ltr'>contigit</span> 
     </span>
     <span class='ocr_line' id='line_1_32' title="bbox 304 4122 1506 4204; baseline -0.001 -18"><span class='ocrx_word' id='word_1_257' title='bbox 304 4125 418 4187; x_wconf 91' lang='lat' dir='ltr'>eodem</span> <span class='ocrx_word' id='word_1_258' title='bbox 441 4141 527 4188; x_wconf 90' lang='lat' dir='ltr'>anno</span> <span class='ocrx_word' id='word_1_259' title='bbox 552 4127 626 4203; x_wconf 90' lang='lat' dir='ltr'>post</span> <span class='ocrx_word' id='word_1_260' title='bbox 650 4141 715 4187; x_wconf 91' lang='lat' dir='ltr'>non</span> <span class='ocrx_word' id='word_1_261' title='bbox 740 4122 833 4186; x_wconf 88' lang='lat' dir='ltr'>nndti</span> <span class='ocrx_word' id='word_1_262' title='bbox 849 4122 1007 4203; x_wconf 88' lang='lat' dir='ltr'>temporis</span> <span class='ocrx_word' id='word_1_263' title='bbox 1024 4122 1166 4202; x_wconf 86' lang='lat' dir='ltr'>spatium</span> <span class='ocrx_word' id='word_1_264' title='bbox 1183 4123 1216 4188; x_wconf 92' lang='lat' dir='ltr'>in</span> <span class='ocrx_word' id='word_1_265' title='bbox 1233 4123 1313 4190; x_wconf 88' lang='lat' dir='ltr'>villa</span> <span class='ocrx_word' id='word_1_266' title='bbox 1329 4122 1506 4204; x_wconf 88' lang='lat' dir='ltr'>Hohstedi‚</span> 
     </span>
     <span class='ocr_line' id='line_1_33' title="bbox 303 4234 1498 4316; baseline 0.003 -18"><span class='ocrx_word' id='word_1_267' title='bbox 303 4255 386 4314; x_wconf 89' lang='lat' dir='ltr'>qnae</span> <span class='ocrx_word' id='word_1_268' title='bbox 411 4240 462 4300; x_wconf 89' lang='lat' dir='ltr'>est</span> <span class='ocrx_word' id='word_1_269' title='bbox 485 4237 516 4300; x_wconf 89' lang='lat' dir='ltr'>in</span> <span class='ocrx_word' id='word_1_270' title='bbox 542 4236 714 4301; x_wconf 88' lang='lat' dir='ltr'>territorio</span> <span class='ocrx_word' id='word_1_271' title='bbox 738 4234 958 4316; x_wconf 79' lang='lat' dir='ltr'>Magontiaco,</span> <span class='ocrx_word' id='word_1_272' title='bbox 983 4235 1135 4314; x_wconf 90' lang='lat' dir='ltr'>spiritum</span> <span class='ocrx_word' id='word_1_273' title='bbox 1158 4254 1299 4314; x_wconf 90' lang='lat' dir='ltr'>nequam</span> <span class='ocrx_word' id='word_1_274' title='bbox 1316 4254 1375 4315; x_wconf 92' lang='lat' dir='ltr'>per</span> <span class='ocrx_word' id='word_1_275' title='bbox 1392 4254 1427 4298; x_wconf 90' lang='lat' dir='ltr'>os</span> <span class='ocrx_word' id='word_1_276' title='bbox 1445 4255 1498 4301; x_wconf 88' lang='lat' dir='ltr'>cu-</span> 
     </span>
     <span class='ocr_line' id='line_1_34' title="bbox 299 4347 1508 4431; baseline -0.001 -19"><span class='ocrx_word' id='word_1_277' title='bbox 299 4349 430 4431; x_wconf 87' lang='lat' dir='ltr'>jusdam</span> <span class='ocrx_word' id='word_1_278' title='bbox 452 4347 621 4428; x_wconf 90' lang='lat' dir='ltr'>arreptitii</span> <span class='ocrx_word' id='word_1_279' title='bbox 638 4348 828 4430; x_wconf 90' lang='lat' dir='ltr'>protestari,</span> <span class='ocrx_word' id='word_1_280' title='bbox 852 4349 936 4422; x_wconf 91' lang='lat' dir='ltr'>bello</span> <span class='ocrx_word' id='word_1_281' title='bbox 962 4367 997 4413; x_wconf 89' lang='lat' dir='ltr'>se</span> <span class='ocrx_word' id='word_1_282' title='bbox 1023 4349 1288 4413; x_wconf 88' lang='lat' dir='ltr'>Boemannico</span> <span class='ocrx_word' id='word_1_283' title='bbox 1314 4348 1508 4430; x_wconf 83' lang='lat' dir='ltr'>praefuisse,</span> 
     </span>
    </p>

    <p class='ocr_par' dir='ltr' id='par_1_6' title="bbox 303 4437 1603 4657">
     <span class='ocr_line' id='line_1_35' title="bbox 303 4437 1603 4543; baseline 0.001 -19"><span class='ocrx_word' id='word_1_284' title='bbox 303 4462 474 4539; x_wconf 86' lang='lat' dir='ltr'>sociosque</span> <span class='ocrx_word' id='word_1_285' title='bbox 488 4479 562 4524; x_wconf 86' lang='lat' dir='ltr'>suos</span> <span class='ocrx_word' id='word_1_286' title='bbox 577 4460 727 4541; x_wconf 88' lang='lat' dir='ltr'>spiritum</span> <span class='ocrx_word' id='word_1_287' title='bbox 741 4461 914 4540; x_wconf 87' lang='lat' dir='ltr'>superbiae</span> <span class='ocrx_word' id='word_1_288' title='bbox 927 4464 1026 4539; x_wconf 87' lang='lat' dir='ltr'>atque</span> <span class='ocrx_word' id='word_1_289' title='bbox 1043 4461 1228 4526; x_wconf 86' lang='lat' dir='ltr'>discordiae</span> <span class='ocrx_word' id='word_1_290' title='bbox 1244 4461 1356 4543; x_wconf 86' lang='lat' dir='ltr'>fuisse,</span> <span class='ocrx_word' id='word_1_291' title='bbox 1373 4481 1507 4541; x_wconf 89' lang='lat' dir='ltr'>quorum</span> <span class='ocrx_word' id='word_1_292' title='bbox 1600 4437 1603 4445; x_wconf 34' lang='lat'>⁵</span> 
     </span>
     <span class='ocr_line' id='line_1_36' title="bbox 305 4573 1504 4657; baseline 0.001 -20"><span class='ocrx_word' id='word_1_293' title='bbox 305 4573 426 4638; x_wconf 87' lang='lat' dir='ltr'>dolosis</span> <span class='ocrx_word' id='word_1_294' title='bbox 456 4573 754 4639; x_wconf 89' lang='lat' dir='ltr'>machinationibus</span> <span class='ocrx_word' id='word_1_295' title='bbox 778 4573 902 4638; x_wconf 80' lang='lat' dir='ltr'>Franci</span> <span class='ocrx_word' id='word_1_296' title='bbox 936 4575 1143 4640; x_wconf 86' lang='lat' dir='ltr'>Boemanis</span> <span class='ocrx_word' id='word_1_297' title='bbox 1183 4578 1281 4657; x_wconf 84' lang='lat' dir='ltr'>terga</span> <span class='ocrx_word' id='word_1_298' title='bbox 1312 4575 1504 4641; x_wconf 85' lang='lat' dir='ltr'>vertissent.</span> 
     </span>
    </p>
   </div>
   <div class='ocr_carea' id='block_1_6' title="bbox 306 4686 535 4770">
    <p class='ocr_par' dir='ltr' id='par_1_7' title="bbox 306 4686 535 4770">
     <span class='ocr_line' id='line_1_37' title="bbox 306 4686 535 4770; baseline -0.004 -19"><span class='ocrx_word' id='word_1_299' title='bbox 306 4686 403 4770; x_wconf 86' lang='lat' dir='ltr'>(Ann.</span> <span class='ocrx_word' id='word_1_300' title='bbox 426 4686 535 4770; x_wconf 83' lang='lat' dir='ltr'>Fuld.)</span> 
     </span>
    </p>
   </div>
   <div class='ocr_carea' id='block_1_7' title="bbox 0 0 1653 5332">
    <p class='ocr_par' dir='ltr' id='par_1_8' title="bbox 0 0 1653 5332">
     <span class='ocr_line' id='line_1_38' title="bbox 0 0 1653 5332; baseline 0 0"><span class='ocrx_word' id='word_1_301' title='bbox 0 0 1653 5332; x_wconf 95' lang='lat' dir='ltr'> </span> 
     </span>
    </p>
   </div>
  </div>
 </body>
</html>
