3278 5332
315 702 378 766 llst
402 701 538 783 insuper
561 701 668 766 altera
689 719 809 783 magna
832 700 943 775 silua,
966 704 1182 782 cognomento
1208 699 1392 780 Gabreta,
1415 716 1456 764 ex

241 819 314 883 ‚bac
338 818 433 896 parte
458 815 661 893 Suevorum3
685 833 726 879 ex
749 814 856 878 altera
870 817 967 894 parte
982 819 1093 878 autem
1114 813 1316 895 Hercynia
1337 812 1455 890 silva,
1563 842 1579 905 '.
1600 862 1603 867 ,
1626 836 1632 845 ·

256 934 292 994 at
316 934 350 993 et
372 929 455 993 baec
477 948 497 992 a
522 928 640 994 Suavis
664 932 854 1008 occupatur.
881 927 979 1009 (299).

315 1041 434 1107 Refert
458 1040 558 1107 etiam
589 1041 783 1106 Posidonios
808 1042 966 1122 (135-51
992 1043 1071 1105 ante
1095 1039 1190 1119 Chri,
1214 1038 1331 1103 Boios
1355 1042 1456 1104 antea

257 1155 374 1220 silvam
386 1154 592 1221 inhabitasse
615 1154 862 1236 Hercyniam,
893 1153 1039 1218 Cimbros
1063 1156 1185 1233 autem,
1208 1150 1265 1231 qui
1287 1151 1457 1230 hucusque

256 1268 424 1350 progressi
446 1265 581 1347 fuerint,
616 1267 759 1350 rejectos
783 1284 802 1330 a
825 1265 913 1347 Bois,
947 1264 1070 1330 Istrum
1096 1270 1129 1329 ot
1161 1263 1351 1328 scordiscos
1386 1263 1454 1345 gal·

256 1378 337 1443 licos
361 1379 533 1460 petivisse.
556 1365 653 1460 (293.)

318 1491 525 1559 (Strabonis
545 1490 771 1559 „Geographica“
791 1490 897 1557 scripta
917 1505 987 1542 anno
1007 1488 1120 1543 circiter
1139 1490 1179 1543 20.
1200 1504 1224 1541 a.
1245 1487 1319 1556 cnr.)

214 1714 404 1804 Hercynia
427 1715 535 1801 silva,
560 1715 807 1785 Boihaemum.

317 1830 361 1894 Π.
382 1834 448 1894 108.
461 1830 552 1894 Nihil
564 1835 638 1896 erat
649 1831 713 1895 iam
726 1830 759 1892 in
777 1829 963 1910 Germania,
977 1831 1062 1908 quod
1079 1830 1168 1895 uinci
1183 1834 1305 1910 posset,
1322 1832 1456 1909 praeter

258 1947 391 2024 gentem
415 1943 707 2024 Marcomanorum,
742 1961 828 2022 quae
862 1941 1065 2007 Maroboduo
1090 1942 1174 2007 duce
1198 1940 1308 2007 excita
1322 1941 1455 2006 sedibus

260 2052 1457 2136 suisatqueininteriorarefugiensincinctosHercyniasilra

260 2187 416 2250 campos
440 2169 615 2235 incolebat.
640 2169 741 2233 Nulla
752 2167 925 2233 festinatio
938 2168 1034 2232 huius
1047 2167 1112 2235 viri
1133 2167 1334 2232 mentionem
1350 2171 1459 2232 trans-

260 2281 356 2362 gredi
379 2282 488 2346 debet.
512 2282 744 2363 Marobodum,
779 2299 903 2363 genere
926 2280 1055 2363 nobilis,
1090 2299 1228 2361 corpore
1250 2280 1459 2361 praevalent,

184 2373 187 2378 ’
260 2393 367 2458 animo
391 2393 493 2477 ferox,
527 2394 662 2459 natione
692 2394 798 2476 magis
829 2412 926 2472 quam
956 2394 1086 2458 ratione
1113 2395 1285 2473 barbarus
1318 2411 1383 2458 non
1406 2391 1458 2458 tu'·

258 2505 471 2571 multuarium
493 2525 600 2586 neque
631 2506 805 2571 fortuitum
834 2524 941 2584 neque
965 2506 1115 2571 mobilem
1152 2510 1186 2571 et
1210 2525 1251 2571 ex
1284 2506 1459 2573 voluntate

262 2618 449 2700 parentium
483 2623 692 2685 constantem
714 2619 804 2684 inter
828 2637 904 2683 suos
936 2618 1112 2700 occupavit
1137 2618 1367 2701 principatum,
1402 2620 1460 2684 sed

261 2736 388 2795 certum
429 2731 600 2813 imperium
638 2732 771 2811 vimque
809 2731 935 2814 regiam
970 2731 1158 2812 complexus
1197 2731 1304 2796 animo
1340 2730 1461 2796 statuit

261 2848 403 2911 avocata
426 2845 541 2925 procul
571 2863 591 2908 a
622 2845 779 2911 Romanis
815 2849 915 2926 gente
948 2863 1007 2911 sua
1043 2862 1080 2909 eo
1105 2844 1271 2926 progredi,
1301 2843 1358 2909 ubi
1388 2862 1460 2908 cum

261 2961 399 3037 propter
422 2957 611 3037 potentiora
643 2974 733 3021 arma
757 2956 949 3038 refugisset,
985 2976 1045 3021 sua
1067 2956 1197 3022 faceret
1221 2955 1461 3037 potentissima.

263 3069 442 3151 Occupatis
462 3070 574 3153 igitur,
606 3089 687 3149 quos
711 3069 944 3151 praediximus,
975 3069 1056 3135 locis
1080 3070 1235 3134 finitimos
1266 3069 1370 3134 omnis
1400 3074 1459 3134 aut

262 3183 348 3250 bello
372 3183 495 3249 domuit
519 3188 577 3249 aut
601 3183 849 3250 condicionibus
872 3183 955 3249 iuris
979 3182 1029 3247 sui
1053 3182 1143 3248 fecit.

325 3317 395 3378 109.
419 3313 545 3394 Corpus
569 3331 664 3378 sunm
688 3313 945 3378 custodientium
969 3313 1149 3396 imperinm,
1174 3313 1346 3395 perpetuis
1370 3332 1463 3380 exer-

263 3424 352 3490 citiis
376 3443 482 3505 paene
505 3426 547 3490 ad
570 3425 737 3490 Romanae
773 3424 969 3507 disciplinae
992 3424 1129 3492 formam
1151 3429 1333 3511 redactum,
1367 3428 1462 3496 brevi

263 3537 297 3601 in
334 3517 481 3603 eminens
521 3541 555 3603 et
592 3543 706 3604 nostro
741 3557 871 3618 quoque
908 3538 1050 3620 Imperio
1088 3540 1269 3606 timendum
1307 3540 1463 3621 perduxit

263 3647 444 3732 fastigium,
468 3652 675 3732 gerebatque
698 3670 733 3717 se
750 3652 799 3717 ita
821 3655 984 3719 adversus
1007 3655 1183 3738 Romanos,
1204 3659 1242 3721 ut
1258 3654 1462 3736 nequebello

263 3778 322 3827 nos
346 3763 550 3845 (lacesseret,
576 3768 609 3829 et
632 3764 673 3844 si)
696 3764 929 3847 lacesseretur,
954 3788 1129 3850 superesse
1154 3770 1217 3836 sibi
1249 3769 1315 3837 vim
1345 3787 1385 3835 ac
1407 3787 1462 3838 ro-

262 3873 425 3940 luntatem
448 3876 629 3947 resistendi
640 3879 865 3963 (ostenderet).
888 3878 1018 3963 Legati,
1044 3898 1126 3961 quos
1148 3884 1361 3949 mrttcbotad
1380 3883 1460 3949 an-

262 4004 364 4069 sares,
388 3986 554 4054 interdum
578 3994 615 4054 ut
640 3989 821 4070 supplicem
845 3994 1127 4077 commendabant,
1150 3993 1317 4060 interdum
1340 3998 1378 4061 ut
1401 4014 1460 4079 pro

262 4101 335 4182 pari
357 4102 587 4180 loquebantur.
612 4103 776 4170 Gentibus
788 4105 1040 4187 hominibusque
1055 4127 1075 4173 a
1088 4107 1182 4175 nobis
1195 4106 1460 4177 desciscentibus

262 4218 336 4278 erat
359 4217 447 4296 apud
482 4232 554 4279 eum
576 4214 772 4300 perfugium,
795 4217 853 4301 (in)
877 4223 1048 4301 totumque
1072 4240 1114 4287 ex
1135 4223 1221 4288 male
1255 4221 1462 4289 dissimulato

261 4330 383 4409 agebat
407 4328 589 4408 aemulum;
617 4329 875 4416 exercitumque,
899 4352 994 4413 quem
1018 4335 1234 4418 septuaginta
1257 4335 1382 4402 milium
1405 4356 1461 4419 pe-

263 4438 377 4522 ditum,
410 4444 568 4520 quattuor
600 4442 745 4522 equitum
767 4442 905 4528 fecerat,
939 4447 1088 4513 adsiduis
1111 4450 1274 4515 adversus
1305 4449 1461 4517 finitimos

262 4550 359 4616 bellis
382 4555 566 4620 exercendo
579 4553 695 4619 maiori
711 4575 807 4634 quarn
831 4559 917 4638 quod
930 4559 1084 4645 habebat,
1108 4562 1201 4644 operi
1228 4566 1460 4646 praeparabat.

260 4663 411 4744 Eratque
436 4668 536 4732 etiam
559 4686 597 4733 eo
621 4668 797 4754 timendus,
820 4674 908 4750 quod
932 4692 1005 4738 cum
1029 4673 1239 4742 Germaniam
1263 4679 1305 4743 ad
1328 4679 1457 4746 laevam
