3278 5332
662 463 906 523 .-16-

237 670 383 755 dejicere
405 668 439 733 in
462 671 646 735 torrentem
668 666 876 732 Bruznioam.
911 705 953 712 —
989 673 1081 733 1109.
1104 666 1231 733 Flectit
1255 665 1320 732 iter
1342 671 1439 731 trans

236 787 419 849 torrentem
441 780 649 846 Bruznioam.
681 818 724 826 —
756 785 850 845 1276.
874 780 947 845 Hoc
978 799 1064 846 anno
1089 784 1152 846 duo
1186 780 1314 845 fossata
1347 778 1441 844 faeta

237 901 316 962 sunt
332 899 411 959 ante
428 895 599 977 Pragense
616 897 778 972 castrum,
801 893 972 975 longitudo
989 894 1163 973 utriusque
1177 896 1442 975 protendebatur

237 1008 386 1075 arivulo
410 1007 543 1073 Bruska
565 1025 671 1085 usque
695 1006 729 1070 in
753 1005 903 1071 Oboram.
927 1006 979 1070 Ex
1002 1005 1067 1070 alia
1090 1012 1186 1088 parte
1211 1007 1322 1090 castri,
1351 1008 1440 1087 quod

238 1120 361 1208 dicitur
383 1122 426 1184 ad
448 1119 606 1184 minorem
628 1123 766 1201 portam,
789 1117 949 1183 fossatum
973 1118 1126 1183 etl‘ossum
1149 1119 1291 1185 arivulo
1306 1119 1443 1184 Bruska

239 1238 274 1300 et
297 1235 433 1298 ductum
455 1251 516 1313 per
537 1235 681 1296 montem
704 1230 784 1313 Opis
808 1250 914 1312 usque
938 1234 980 1296 ad
998 1231 1123 1296 curiam
1145 1231 1300 1314 episcopi.
1324 1232 1443 1312 (Cosm.

239 1345 345 1431 (lunt.)
376 1383 419 1390 -
453 1349 544 1409 1281.
568 1343 688 1409 Pluvia
711 1343 885 1410 descendit
908 1342 942 1407 in
966 1343 1107 1408 maxima
1130 1344 1329 1427 quantitate,
1365 1347 1442 1409 sub-

238 1461 402 1525 vertendo
425 1455 575 1521 funditus
599 1455 751 1522 aedificia
774 1475 940 1521 murorum
963 1455 997 1520 iu
1021 1457 1184 1538 Pragensi
1208 1462 1327 1539 castro,
1350 1457 1441 1522 circa

239 1570 413 1636 ecclesiam
438 1569 468 1634 S.
493 1568 629 1650 Georgii
651 1588 780 1634 murum
803 1569 906 1633 castri
937 1587 1055 1635 versus
1080 1568 1265 1648 aquilonem
1288 1568 1441 1634 funditus

240 1682 363 1749 evulsit
387 1681 478 1747 etin
502 1683 666 1746 Bruscam
688 1680 831 1747 rivulum
854 1680 980 1762 impetu
1004 1701 1062 1747 suo
1087 1682 1219 1765 dejecit.
1242 1683 1361 1768 (Cant.)

196 1819 357 1892 Brznioa
379 1820 540 1889 torrens.

298 1933 527 2016 Distinguitur
565 1932 621 1997 illa
657 1932 829 2013 provincia
852 1932 1038 2016 (Ltrcensis)
1066 1933 1212 2013 quinque
1250 1934 1441 2017 regionibus

237 2049 383 2112 locorum
409 2064 468 2127 per
489 2045 695 2125 compendia:
726 2045 828 2110 tertia
852 2046 944 2127 regio
966 2046 1159 2111 extenditur
1182 2066 1243 2128 per
1266 2048 1440 2114 circuitum

240 2158 401 2225 torrentis
424 2156 590 2223 Briznica.
613 2157 743 2242 (Cosm.)

196 2295 418 2386 Bi‘ehoryJ'e.
442 2295 637 2379 (Bielroryje
650 2325 690 2351 z
704 2297 838 2380 Prehor,
862 2297 927 2361 Lit.
952 2298 1017 2383 71.)
1391 2370 1393 2374 ,

302 2414 482 2475 nou—74.
504 2408 623 2473 Judita
646 2427 714 2491 reg.
738 2408 847 2473 domui
868 2409 1016 2475 Doksau.
1039 2411 1132 2476 dedit
1161 2412 1273 2478 uillam
1303 2413 1444 2478 Brehori

241 2530 275 2590 et
297 2523 437 2589 mediam
460 2528 588 2602 partem
612 2521 711 2587 villae
734 2522 888 2587 Rochow.

198 2660 314 2730 Bledt‘
333 2678 493 2745 campus

303 2781 394 2839 1132.
417 2774 586 2857 Zbi-gneus
610 2775 766 2839 sacerdos
790 2773 869 2838 eccl.
885 2775 1014 2841 Undtic.
1031 2777 1123 2841 dedit
1147 2797 1294 2859 campum
1320 2779 1442 2862 Bresti,

240 2907 300 2970 pro
323 2888 394 2968 ipso
417 2886 524 2952 frater
545 2887 685 2969 Zbiguei
709 2888 809 2951 debet
833 2889 911 2954 dare
937 2889 961 2953 C
984 2891 1148 2956 denarios,

201 3042 378 3112 Blevnov
401 3039 504 3110 villa.
528 3043 705 3124 (Breunov,
729 3043 813 3107 Rok.
839 3043 901 3127 15.)

302 3155 355 3220 Oc.
390 3160 461 3219 993.
499 3154 673 3218 Boleslaus
710 3152 754 3218 Ii.
798 3153 942 3219 fundans
987 3159 1223 3225 monasterium
1262 3162 1298 3227 0.
1337 3163 1368 3228 S.
1406 3164 1444 3229 B.
1545 3141 1548 3146 ’

242 3269 479 3333 Breunovense
504 3265 645 3331 contulit
668 3265 699 3331 ei
724 3265 855 3347 „villam
874 3267 1060 3334 Breunowa
1083 3271 1211 3338 nomine
1235 3279 1314 3339 aute
1337 3275 1444 3356 ipsum

243 3379 487 3460 monasterium,
511 3397 584 3442 cum
608 3378 695 3442 omni
717 3377 841 3444 familia
864 3385 899 3444 et
921 3385 1014 3445 terra
1037 3383 1247 3451 sufficienti“.

304 3493 422 3556 Mons
467 3492 577 3571 apud
620 3491 830 3558 Bievnov.
876 3493 929 3557 Oc.
968 3499 1039 3559 993.
1077 3496 1172 3561 Mons
1218 3497 1364 3565 incultus
1402 3503 1445 3567 ad

243 3603 414 3671 meridiem
436 3605 578 3669 tendens
595 3622 614 3666 a
630 3603 718 3668 bivio
736 3606 885 3686 quodam,
907 3605 942 3669 iu
959 3625 1022 3685 quo
1038 3609 1277 3688 praeciduntur
1295 3615 1445 3695 molares,

244 3715 481 3783 Schirnovnice
505 3716 603 3797 dicto,
635 3734 694 3796 per
717 3715 881 3781 directum
904 3736 1009 3797 usque
1037 3722 1079 3784 ad
1103 3722 1209 3788 Lesoe
1238 3729 1273 3790 et
1297 3745 1316 3790 a
1339 3727 1445 3794 Lesce

244 3848 349 3910 usqne
373 3829 416 3894 ad
439 3846 562 3909 saxum,
586 3827 643 3907 qui
666 3832 718 3892 est
740 3829 869 3908 positus
892 3830 925 3894 in
950 3831 1013 3914 via,
1044 3852 1104 3913 per
1127 3854 1224 3914 quam
1246 3838 1382 3904 venitur
1404 3841 1447 3905 ad

215 3963 218 3969 ’
245 3942 417 4009 civitatem
439 3942 591 4022 Pragam.

307 4052 626 4120 Monasterium
661 4054 837 4118 ordinis
873 4057 903 4122 S.
935 4059 1232 4127 Benedictio
1265 4064 1349 4129 duce
1384 4067 1446 4130 Bo-

245 4167 347 4233 leslao
371 4166 414 4231 Π.
440 4169 474 4232 et
509 4164 662 4247 episcopo
691 4168 874 4233 Adalberto
908 4188 948 4234 ex
971 4178 1151 4253 praecepto
1175 4174 1316 4240 Joannis
1340 4197 1448 4259 papae

247 4284 484 4347 constructum.
507 4278 675 4343 Abbates:
701 4280 861 4364 Clemens,
885 4284 938 4347 oui
963 4285 1097 4349 (losmas
1121 4285 1247 4352 dicavit
1270 4293 1448 4355 secundam

247 4398 376 4477 partem
404 4411 484 4457 suae
510 4390 694 4457 chronicae.
716 4431 753 4438 —
780 4394 972 4462 Guntherus
997 4417 1056 4479 per
1079 4400 1308 4466 Prezizlavum
1332 4405 1449 4470 ducem

247 4506 460 4588 sepeliendus
491 4503 667 4569 deducitur
696 4507 738 4570 ad
776 4509 1012 4575 monasterium
1045 4512 1313 4580 Prevnouvense.
1349 4516 1449 4599 (Mon.

247 4619 310 4684 Inf.
334 4619 499 4696 Altahae.)
