3278 5332
695 536 946 602 „mm-

197 741 405 812 Poemanni.

296 863 369 924 855,
392 857 583 924 Ludovicus
605 859 696 924 misit
719 859 825 925 aciem
847 858 1097 942 Bajovariorum
1120 858 1154 923 in
1185 858 1441 939 Poemannos,

237 990 373 1050 quorum
397 973 515 1036 ductor
546 971 672 1037 Ernest
704 990 812 1037 coines
846 972 986 1051 exstitit,
1023 972 1186 1052 episcopis
1219 971 1315 1036 simul
1343 972 1439 1037 couri-

235 1083 395 1148 tantibus
431 1084 512 1148 Tum
543 1086 671 1149 demum
701 1084 837 1166 reversi,
873 1104 946 1149 cum
977 1102 1108 1149 rumore
1147 1103 1212 1149 non
1245 1084 1376 1149 minimo
1400 1087 1437 1148 ut

235 1196 334 1261 moris
360 1200 420 1278 est,
445 1195 656 1262 confluebant
679 1199 722 1262 ad
746 1216 867 1280 regem.
891 1197 987 1279 (Anu
1011 1196 1116 1277 Fuld.)

198 1384 409 1454 Boemanni.

298 1506 370 1564 856.
395 1501 510 1565 Mense
534 1500 688 1583 Augusto
712 1500 918 1568 Hludovicus
948 1519 1007 1565 rex
1032 1499 1171 1564 collecto
1197 1499 1348 1564 exercitu
1380 1517 1439 1579 per

237 1613 379 1679 Sorabos
404 1614 469 1678 iter
492 1612 629 1695 facisne,
665 1612 869 1691 ducibusque
904 1630 1016 1676 eorum
1047 1611 1110 1676 sibi
1142 1612 1329 1694 conjimetis
1360 1612 1438 1676 Dal·

238 1727 357 1792 uratias
381 1726 505 1807 proelio
531 1731 676 1807 superat,
700 1726 916 1806 acceptisque
940 1724 1109 1790 obsidibus
1134 1723 1331 1788 tributarios
1348 1723 1438 1789 iecit.

236 1839 320 1903 Inde
344 1857 412 1920 per
436 1839 677 1903 Boemannos
701 1838 881 1919 transiens,
905 1837 1078 1902 nonnullos
1105 1855 1145 1901 ex
1169 1854 1282 1901 eorum
1299 1837 1438 1901 cilicibus

237 1952 270 2017 iu
294 1952 497 2017 deditionem
527 1950 667 2032 accepit.
687 1943 741 2015 'Iu
765 1968 830 2030 qua
853 1949 1065 2031 exauditione
1096 1949 1269 2030 perierunt
1302 1951 1440 2015 comites

236 2067 347 2130 Bardo
372 2071 406 2130 ct
429 2065 522 2146 Erph
547 2084 619 2130 oum
642 2064 717 2129 aliis
741 2082 838 2143 quam
862 2063 1020 2144 pirmibus.
1045 2064 1142 2145 (Ann.
1166 2062 1275 2143 uuio.)

194 2253 339 2323 Civitas
362 2250 569 2323 Wiztrachi

297 2373 370 2432 867.
403 2366 562 2449 Otgarins
593 2364 767 2446 episcopus
801 2370 834 2431 et
869 2365 1074 2431 Hruodoltus
1106 2384 1213 2431 comes
1247 2365 1366 2447 palatii
1401 2371 1435 2431 et

238 2480 407 2545 Eruustus
431 2478 517 2543 filius
549 2478 690 2543 Ernesti
718 2478 820 2560 ducis
856 2498 928 2544 cum
960 2479 1146 2545 hominibus
1180 2479 1248 2544 suis
1283 2480 1322 2544 in
1345 2480 1439 2545 Boe·

236 2610 395 2656 mannos
418 2591 519 2673 missi,
543 2590 755 2658 civitatem
772 2591 991 2657 Wiztrechi
1015 2591 1137 2674 ducis
1160 2595 1201 2657 ab
1215 2592 1310 2656 annis
1325 2591 1438 2656 multis
1544 2638 1547 2643 -

238 2706 404 2787 rebellem,
452 2710 709 2786 occupaverunt,
749 2705 885 2785 expulso
924 2708 965 2770 ab
1005 2723 1042 2770 eo
1082 2705 1319 2787 Sclaiutago
1359 2705 1439 2770 tilio

236 2818 466 2901 Wiutrachi,
502 2818 559 2898 qui
582 2817 793 2898 tyrannidem
823 2822 903 2883 tunc
931 2818 965 2881 in
996 2837 1034 2883 ca
1059 2821 1246 2884 exercebat.
1282 2818 1353 2902 Quo
1377 2837 1438 2899 per

235 2931 347 3014 firmum
369 2932 461 3013 lapso
487 2935 520 2996 et
544 2933 586 2996 ad
609 2930 770 2996 Rastizen
794 2950 828 2996 se
854 2930 1055 3014 conferente,
1078 2931 1185 2997 irater
1210 2932 1290 3015 ejus,
1314 2931 1370 3012 qni
1394 2935 1435 2998 ab

240 3064 277 3111 eo
301 3045 412 3126 patria
436 3045 550 3126 pulsus
575 3045 662 3123 apud
685 3044 887 3110 Zistiborum
904 3044 1064 3110 Sorabum
1077 3045 1242 3127 exulabat,
1266 3047 1307 3110 ad
1324 3064 1437 3128 regem

237 3157 382 3224 fideliter
404 3158 550 3240 veniens,
574 3157 644 3223 loco
668 3157 783 3224 fratris
807 3159 872 3223 dux
896 3157 1120 3223 constituitur.
1144 3158 1241 3241 (Anu.
1265 3158 1372 3238 Fuld.)

190 3364 363 3450 behemi,
387 3363 528 3433 vallum
551 3384 677 3433 eornm
702 3363 966 3433 firmissimum.

299 3484 373 3545 869.
396 3479 508 3547 Sclavi
530 3480 586 3559 qui
617 3483 779 3547 vocantur
809 3479 987 3560 Bebemi,
1018 3478 1176 3543 terminos
1208 3477 1436 3543 Baioariorum

239 3591 364 3657 crebris
398 3591 642 3657 incursionibus
675 3591 837 3656 infestant
881 3595 915 3656 et
950 3594 1108 3670 ‹rrrasdam
1144 3591 1241 3657 villas
1285 3590 1438 3657 incendio

240 3706 424 3786 tradentes,
458 3705 614 3770 mulieres
642 3705 719 3769 inde
751 3705 875 3769 duxere
904 3704 1064 3784 captives
1104 3703 1228 3768 Contra
1251 3723 1331 3783 quos
1355 3705 1437 3768 Hlu-

240 3818 385 3883 dowicus
409 3837 468 3883 rex
490 3822 621 3883 tutores
645 3817 789 3898 partium
814 3817 942 3882 illarum
965 3817 1099 3881 interim
1121 3816 1220 3898 misit,
1244 3819 1348 3882 donec
1365 3818 1438 3898 ipse

240 3935 424 4011 opportuno
447 3935 595 4011 tempore
620 3948 753 3995 snorum
776 3929 1006 3995 vindicaturus
1030 3929 1178 4011 iujurias,
1202 3929 1236 3994 in
1250 3931 1441 3995 desertores

242 4062 333 4108 amna
357 4043 549 4124 corriperet.
574 4045 671 4126 (Anu.
695 4042 804 4125 Fuid.)
834 4081 876 4086 —
909 4042 1026 4107 sorabi
1048 4047 1083 4107 et
1107 4041 1208 4107 Siusli
1227 4044 1354 4125 junctis
1379 4043 1442 4109 sibi

241 4156 419 4221 Behemis
458 4160 493 4221 et
530 4155 653 4222 ceteris
688 4154 903 4220 circumcirca
937 4155 1056 4223 vicinis
1091 4155 1246 4234 antiquos
1280 4156 1439 4220 terminos

242 4267 498 4352 Thuringiorum
536 4268 834 4351 transgredientes,
877 4268 1018 4348 plurima
1051 4268 1124 4333 loca
1148 4270 1336 4336 devastant.
1361 4267 1436 4351 (Iu.)

243 4381 359 4446 Mense
382 4384 534 4464 Augusto
558 4399 619 4446 rex
645 4380 859 4445 Hludouicus
884 4381 1099 4459 aequivocum
1131 4400 1224 4446 suum
1247 4400 1320 4446 oum
1352 4381 1440 4444 Thu-

241 4493 346 4576 ringis
370 4498 405 4559 et
436 4493 621 4559 Senonibus
653 4495 696 4558 ad
726 4492 999 4573 comprimendam
1030 4493 1229 4559 Soraborum
1263 4495 1437 4559 audaciam

241 4606 433 4674 destinavit.
470 4606 683 4671 Hindowicus
708 4625 781 4671 cum
804 4606 937 4671 Sorobis
961 4625 1089 4671 manum
1113 4625 1300 4689 conserens,
1335 4607 1438 4688 primo

239 4717 371 4799 quidem
395 4718 588 4798 quibusdam
604 4719 731 4802 occisis,
753 4719 867 4785 hostes
890 4725 987 4802 terga
1013 4724 1145 4786 vertere
1163 4719 1290 4802 coegit3
1315 4719 1436 4785 deinde
