3278 5332
297 957 350 1048 ΙΙΙ.
394 955 604 1071 Excerpia
637 979 689 1049 ex
722 953 950 1047 Annalibus
984 953 1235 1046 Francorum
1269 973 1386 1046 saec.
1422 954 1483 1044 ΙΧ.

260 1177 454 1247 Beehuimi.

366 1296 437 1358 791.
454 1293 590 1358 Carolus
607 1292 736 1367 (contra
763 1291 878 1357 Hunos
895 1293 914 1357 i.
931 1310 958 1356 e.
975 1291 1105 1360 Avares
1129 1291 1325 1375 procedens)
1341 1293 1499 1372 bipartito

270 1415 272 1421 '
302 1406 451 1471 exercitu
474 1406 541 1471 iter
562 1423 664 1487 agere
688 1404 806 1485 coepit,
830 1405 928 1487 Cujus
951 1409 1080 1486 partem
1104 1404 1307 1470 Theoderico
1332 1405 1442 1470 comiti
1467 1412 1500 1470 et

299 1517 498 1599 Meginirido
523 1517 704 1591 camerario
728 1533 786 1581 suo
810 1515 1026 1599 committeus,
1051 1535 1107 1582 eos
1131 1535 1190 1597 per
1201 1517 1419 1597 aquilonalem
1435 1519 1500 1582 Da-

298 1629 392 1696 nubii
404 1630 510 1712 ripam
523 1629 589 1694 iter
601 1648 703 1710 agere
711 1629 821 1712 jussit.
834 1620 912 1710 Ipse
926 1646 997 1694 cum
1016 1629 1081 1694 alia
1101 1635 1198 1716 parte
1218 1632 1398 1696 australem
1416 1633 1497 1714 ejus-

298 1745 373 1807 dem
395 1742 536 1808 fluminis
549 1742 654 1824 ripam
667 1742 872 1807 Pannoniam
883 1741 1049 1823 petiturus
1070 1743 1253 1823 occupauit.
1270 1743 1379 1827 (minu.
1404 1743 1498 1823 Anu.)

357 1855 549 1935 Divisitque
573 1855 754 1920 exereitum
778 1874 869 1919 suum
899 1854 933 1918 in
957 1859 1027 1920 tres
1058 1860 1173 1935 partes
1205 1860 1239 1920 ct
1270 1855 1317 1920 sic
1347 1857 1499 1924 introivit

295 1969 367 2050 ipse
390 1988 450 2049 per
472 1969 659 2034 Paioariam
681 1969 716 2033 in
739 1967 822 2032 fines
845 1967 1016 2032 Hunorum
1041 1987 1081 2032 ex
1104 1968 1286 2050 meridiana
1309 1976 1406 2048 parte
1430 1971 1496 2033 De-

295 2081 399 2147 novii:
424 2084 482 2146 sed
507 2086 540 2146 et
564 2084 605 2146 de
615 2157 617 2161 ⁸
629 2082 695 2147 alia
708 2085 805 2162 parte
819 2081 963 2145 Danovii
978 2080 1062 2146 alitis
1077 2081 1245 2146 exereitus
1261 2080 1494 2146 Rilmariorum

298 2205 331 2263 et
353 2197 550 2263 Fresionum
573 2199 607 2260 et
620 2194 824 2259 Saxouorum
847 2203 919 2258 cum
943 2194 1096 2276 Toringis
1120 2192 1218 2277 (Anu.
1242 2193 1416 2279 Lauresh.)

358 2307 467 2374 Pulsis
490 2309 594 2391 igitur
617 2309 787 2372 Hunorum
809 2306 985 2388 praesidiis
1001 2325 1040 2372 ao
1057 2306 1237 2372 destructis
1253 2307 1497 2389 munitionibus,

298 2440 434 2503 quarum
464 2440 529 2486 una
561 2437 660 2502 super
690 2421 844 2486 Cambum
873 2419 1015 2501 fiuvium,
1046 2419 1154 2484 altera
1173 2421 1270 2503 juxta
1294 2419 1497 2502 Comagenos

297 2534 469 2601 civitatem
492 2535 526 2598 iu
548 2537 660 2599 monte
684 2534 887 2614 Cumeoberg
909 2532 996 2599 vallo
1020 2531 1205 2598 firmissimo
1223 2537 1296 2597 erat
1315 2537 1494 2615 exstructa,

296 2646 384 2712 iarro
409 2651 444 2711 at
466 2647 537 2730 igni
560 2651 680 2712 cuncta
703 2649 888 2712 vastantur.
926 2645 1069 2725 dumque
1093 2664 1152 2710 rex
1176 2662 1247 2710 cuim
1271 2664 1309 2710 eo
1331 2665 1424 2726 quem
1442 2647 1497 2710 du-

279 2751 394 2825 cebat
427 2759 577 2825 exercitu
609 2777 713 2838 usque
747 2759 789 2823 ad
812 2756 996 2822 Arrabonis
1027 2757 1152 2823 fluenta
1175 2758 1357 2841 venissent,
1387 2765 1496 2825 trans-

296 2846 394 2938 misso
419 2873 532 2937 eodem
554 2870 653 2938 fluvio
677 2890 737 2952 per
759 2871 864 2951 ripam
888 2871 958 2953 ejus
982 2872 1150 2949 usquead
1174 2871 1287 2952 locum,
1321 2872 1354 2935 in
1378 2889 1440 2951 quo
1463 2874 1498 2938 in

297 2984 448 3050 Danubio
479 2985 646 3066 miscetur,
677 2983 821 3050 accessit
851 2982 962 3062 ibique
992 3002 1053 3063 per
1093 2982 1219 3063 aliquot
1258 2985 1329 3048 dies
1364 2986 1498 3052 stativis

296 3097 420 3163 habitis
443 3115 504 3177 per
526 3096 697 3162 Sabariam
720 3096 847 3163 reuerti
871 3095 999 3159 statuit.
1024 3095 1118 3160 Alias
1142 3115 1220 3162 vero
1236 3095 1356 3179 copias
1380 3097 1497 3177 quibus

298 3208 535 3275 Theodericum
559 3213 593 3287 et
617 3207 851 3291 Meginfridum
862 3206 1081 3289 praefecerat,
1105 3226 1164 3288 per
1187 3208 1418 3275 Beehaimos
1442 3210 1497 3276 via

297 3338 381 3401 quae
405 3325 577 3404 venerant,
600 3321 727 3389 reverti
749 3321 930 3402 praecepit.
960 3320 1015 3385 Sic
1039 3325 1217 3403 peragrata
1247 3340 1287 3386 ac
1320 3325 1497 3389 devastata

295 3453 416 3517 magna
438 3439 534 3515 parte
551 3434 744 3500 Pannoniae
776 3426 848 3500 cum
878 3432 1032 3499 incolumi
1063 3434 1212 3500 exercitu
1235 3435 1439 3500 Francorum
1462 3435 1496 3499 in

296 3547 484 3612 Baioariam
508 3565 542 3611 se
566 3548 702 3628 recepit.
734 3546 882 3612 Saxones
912 3550 1023 3611 autem
1044 3551 1079 3611 et
1100 3547 1272 3613 Frisiones
1296 3565 1367 3613 oum
1391 3548 1496 3612 Theo-

296 3660 406 3724 dorico
434 3662 469 3724 et
485 3658 684 3740 Meginirido
701 3679 776 3741 per
797 3659 1038 3741 Beeliaimos,
1061 3663 1098 3724 ut
1118 3661 1246 3743 jussum
1270 3665 1352 3743 erat,
1369 3663 1496 3726 domum
1554 3722 1558 3727 .

295 3770 442 3854 regressi
465 3775 550 3835 sunt.
573 3770 681 3849 (Einh.
704 3770 799 3853 Anu.)
1417 3750 1421 3758 ἱ

354 3923 488 4010 Scituri,
513 3924 578 4010 qui
601 3923 775 3994 Beheimi.
800 3963 841 3972 -
866 3924 992 3995 Saltus
1015 3925 1225 4015 Hyrcanus.
1251 3924 1492 3996 -Planities

296 4036 457 4107 Behemi.
483 4076 521 4084 --
547 4036 813 4108 Cinu-Vidines
844 4035 955 4124 (Cihu
981 4038 1204 4126 Vindonesil
1228 4079 1269 4087 —
1289 4037 1416 4108 Sclavi
1430 4040 1495 4125 qui

294 4147 397 4220 Cinu.
423 4189 461 4198 —
485 4150 695 4237 Pergunna.
718 4191 760 4198 —
783 4150 939 4221 Fluvius
961 4155 1100 4241 Agara.
1141 4190 1178 4200 -
1218 4153 1416 4239 (lemburg.
1451 4193 1493 4202 -

295 4262 417 4332 Albia.
442 4303 482 4312 -
505 4264 706 4333 Boemanui
734 4302 768 4310 -
795 4263 931 4333 Sclavi.
971 4305 1002 4310 —
1032 4264 1142 4335 Natio
1178 4264 1406 4351 sclavorum,
1430 4265 1493 4352 qui

295 4375 456 4446 Behemi.

355 4495 428 4555 805.
450 4489 576 4555 Eodem
607 4510 692 4557 anno
723 4491 814 4556 misit
845 4491 980 4557 Carolus
1012 4493 1194 4558 exercitum
1218 4509 1310 4558 suum
1334 4509 1405 4558 cum
1428 4491 1494 4557 filio
1601 4484 1604 4489 ’

296 4621 353 4669 suo
369 4602 472 4668 Karlo
489 4603 522 4668 in
540 4608 664 4668 terram
681 4603 917 4686 Sclavorum,
941 4604 996 4684 qui
1019 4609 1158 4672 vocatur
1182 4605 1366 4688 Beheimi‚
1389 4609 1424 4671 et
1437 4622 1496 4685 per

294 4718 365 4781 tres
396 4714 469 4782 rias
499 4715 534 4780 in
558 4718 695 4782 eandem
717 4717 885 4800 regionem
909 4717 1091 4783 exercitum
1115 4725 1292 4799 penetrare
1315 4716 1497 4799 praecepit.
