3278 5332
736 490 737 495 1
958 450 964 482 l

200 720 431 808 Argentaria
454 741 568 810 super
590 723 703 796 Msea.
728 718 877 811 (Stribro,
901 697 995 813 Mies,
1019 729 1087 796 Ph.
1112 732 1195 813 394.)

307 868 487 930 1140-73.
510 865 714 931 Wladislaus
739 867 782 931 ΙΙ.
806 866 1005 949 praepositis
1038 867 1199 934 Gervasio
1228 871 1262 933 et
1300 865 1445 930 Martino

243 976 336 1043 dedit
357 980 418 1060 „ad
432 978 666 1061 Argentariam
675 998 775 1060 snper
784 980 896 1045 Msea“
914 986 1039 1046 terram
1047 983 1185 1046 duorum
1201 996 1445 1061 suspensorum,
1539 1029 1540 1035 ,

244 1107 341 1169 qnam
363 1089 411 1155 illi
435 1091 649 1157 contulerunt
670 1093 828 1175 hospitali
850 1092 882 1158 S.
911 1093 1052 1159 Joannis
1083 1094 1175 1159 Hier.
1205 1092 1446 1175 possidendam.

245 1206 337 1267 1183.
375 1190 569 1270 Eriderious
609 1208 675 1271 dux
710 1205 871 1272 fratribus
904 1206 935 1273 S.
967 1206 1108 1272 Joannis
1142 1205 1233 1272 Hier.
1274 1205 1446 1271 confirmat

242 1315 452 1382 donationem
475 1318 587 1384 uxoris
600 1338 680 1384 suae
699 1319 883 1402 Elisabeth,
912 1337 976 1401 ,se
992 1318 1181 1401 parochiam
1204 1320 1235 1385 S.
1251 1318 1379 1383 Mariae
1402 1320 1445 1383 ad

138 1461 140 1464 >
242 1425 486 1512 Argentariam,
508 1429 557 1495 ita
573 1432 660 1510 quod
675 1431 757 1496 nulli
779 1431 881 1503 lioeat
896 1431 942 1496 ibi
957 1431 1055 1497 aliam
1071 1431 1245 1497 ecelesiam
1267 1431 1444 1497 aedificare

242 1545 378 1620 praeter
394 1542 601 1608 voluntatem
625 1545 824 1608 eorum‘fi-
842 1544 894 1609 Oe.
912 1548 1004 1608 1184.
1028 1530 1206 1609 Heinrious
1227 1544 1326 1629 episov
1347 1545 1445 1626 Prag.
1573 1566 1577 1572 ·

242 1649 403 1718 fratribus
435 1654 550 1720 iisdem
581 1656 735 1750 concedit
767 1660 801 1721 et
834 1634 1004 1721 confirmat
1039 1640 1230 1738 ‚eeclesiam
1261 1675 1282 1720 a
1313 1656 1445 1721 ducissa

232 1765 415 1832 Elisabeth
439 1785 539 1850 super
568 1770 683 1858 Mesea
712 1769 746 1833 in
776 1770 933 1835 honorem
955 1773 984 1836 b.
1000 1769 1127 1834 Mariae
1150 1768 1322 1844 fundatam
1345 1773 1379 1835 et
1403 1773 1444 1835 ab

172 1890 174 1894 ·
241 1880 356 1944 eadem
379 1879 474 1945 simul
499 1899 572 1946 eum
594 1881 722 1964 merito,
750 1882 833 1948 duee
856 1881 1037 1965 Eriderioo,
1052 1882 1209 1964 hospitali
1233 1882 1443 1947 iherusalem
1480 1876 1482 1881 ’

241 1993 318 2074 jure
349 1993 537 2074 perpetuali
566 1994 808 2076 possidendam,
840 1994 1005 2077 collatam,
1026 2013 1151 2074 suoque
1184 1994 1292 2077 sigillo
1328 1994 1443 2060 eonfir-

213 2134 218 2155 «
240 2107 391 2170 matam“.
415 2145 457 2152 —
481 2108 534 2173 Oe.
570 2112 662 2171 1188.
696 2107 889 2173 Eriderieus
923 2109 990 2172 dux
1028 2112 1167 2190 „rogatu
1202 2111 1236 2173 et
1268 2109 1441 2174 voluntate

239 2219 290 2307 D„
304 2217 478 2284 Elisabeth
502 2219 664 2303 ducissae,
695 2219 844 2303 conjugis
867 2238 956 2303 snae,
988 2222 1047 2286 dat
1068 2219 1226 2301 hospitali
1248 2221 1279 2286 S.
1302 2220 1443 2286 Joannis
1511 2269 1513 2271 -
1577 2226 1578 2231 ’

240 2331 331 2397 Hier.
365 2331 435 2396 XII
476 2350 604 2397 mareas
642 2331 775 2415 argenti
812 2332 988 2399 solvendas
1027 2334 1067 2398 de
1112 2332 1305 2415 argentaria
1342 2351 1443 2415 super

239 2444 338 2509 Msea‘
364 2443 504 2524 amplius
537 2444 676 2526 singulis
707 2443 802 2509 annis
832 2444 868 2509 in
899 2444 951 2510 die
975 2443 1191 2510 Ascensionis
1214 2445 1347 2510 Domini
1365 2447 1441 2530 jure

237 2557 449 2640 hereditario,
479 2556 513 2622 in
540 2556 729 2622 concambio
762 2575 806 2622 so.
829 2576 888 2638 pro
910 2557 1108 2641 hereditate,
1141 2576 1237 2637 qnam
1260 2558 1443 2640 praepositi

240 2669 422 2736 Gervasius
446 2674 481 2734 et
504 2669 669 2742 Martinus
685 2669 807 2735 ibidem
819 2671 981 2736 dederant
1004 2669 1176 2751 praedicto
1199 2670 1441 2752 hospitali“.—

240 2782 292 2848 Co.
311 2788 403 2847 1188.
419 2783 559 2848 Fratres
573 2783 665 2863 hosp.
682 2781 802 2848 ibidem
818 2787 970 2848 emerunt
988 2781 1086 2848 aliam
1101 2787 1225 2849 terram
1240 2803 1260 2848 a
1275 2784 1441 2866 Widgone
1525 2815 1526 2818 ¹

240 2913 312 2959 eum
342 2913 430 2973 aqua
469 2898 504 2959 et
532 2894 718 2960 molendino
752 2913 810 2976 pro
844 2896 896 2960 IX
925 2895 1044 2961 mareis
1077 2895 1217 2980 argenti,
1252 2901 1286 2963 et
1320 2897 1441 2963 ibidem

240 3007 392 3089 superins
427 3006 525 3071 aliam
561 3007 674 3074 villam
706 3025 725 3071 a
760 3007 909 3072 Conrado
948 3027 1021 3073 eum
1058 3028 1145 3089 aqua
1183 3013 1217 3074 et
1253 3010 1440 3076 molendino

238 3138 297 3200 pro
321 3120 390 3185 ΧΠ
412 3120 532 3186 mareis
555 3120 696 3203 argenti.

195 3307 349 3382 Babina.
371 3311 520 3395 (Babina,
544 3312 612 3377 Pu.
635 3311 721 3391 407.)

245 3479 249 3482 ·
301 3457 392 3518 1175.
424 3452 600 3518 Sobdslaus
634 3451 678 3517 Π.
712 3453 814 3516 donat
844 3471 927 3518 mon.
957 3452 1044 3518 Plas
1079 3453 1253 3518 circuitum
1288 3450 1439 3536 Oboram,

238 3564 385 3631 Kretsov
409 3569 443 3630 et
465 3564 636 3630 Babinam.

195 3752 324 3843 Badry
346 3753 389 3839 (l)
412 3773 438 3825 v
460 3752 709 3825 Boleslavsde.

179 3951 180 3956 ,
299 3895 353 3959 Ca.
399 3900 491 3960 1888.
524 3895 726 3961 Wratislaus
759 3896 802 3960 ΙΙ.
836 3891 895 3960 rex
933 3896 1011 3961 eool.
1045 3896 1261 3979 Wyssegrad.
1297 3897 1441 3963 eontulit

241 4008 448 4090 „Badrehde
469 4013 561 4075 terra
584 4009 650 4074 VII
673 4028 804 4080 manses
817 4028 890 4073 eum
904 4008 1104 4074 vinitoribus
1116 4009 1204 4091 IV.“,
1228 4019 1365 4090 qnorum
1381 4029 1436 4076 no·

235 4121 323 4186 mina
347 4126 426 4187 sunt
448 4122 531 4188 ista:
555 4124 682 4206 Redon,
705 4124 831 4205 Nuzek,
856 4123 970 4206 Casca,
993 4122 1156 4205 Lubgozt.

195 4326 300 4397 Base.
324 4329 423 4414 (Bam
446 4329 536 4413 nup
559 4336 594 4398 et
617 4330 748 4413 Veliky,
771 4331 850 4396 nee
874 4332 958 4411 242.)

296 4469 349 4534 Oa.
376 4475 468 4535 1088.
491 4470 591 4536 Basei
607 4474 699 4536 terra
723 4470 801 4536 eool.
825 4470 1040 4554 Wyssegrad.
1061 4472 1103 4536 ad
1118 4470 1185 4536 VII
1216 4475 1339 4566 aratra
1359 4487 1432 4534 eum

234 4583 361 4648 duobus
385 4583 483 4666 eoois
506 4584 630 4666 Tehan,
654 4583 807 4668 Svojboh.
824 4621 864 4630 -
880 4582 989 4650 Silvas
1005 4583 1133 4647 addidit
1150 4583 1350 4648 Wratislaus
1375 4601 1434 4647 rex

236 4695 348 4761 Bazoi.
364 4698 407 4741 —'
425 4701 516 4761 1130.
534 4697 614 4762 villa
629 4697 738 4780 Basei,
755 4699 891 4761 duorum
906 4694 1048 4760 fratrum
1064 4696 1116 4762 W.
1134 4697 1248 4763 usibus
1265 4698 1434 4778 deputata.

1229 4817 1260 4870 1*
