3278 5332
702 528 744 534 -
760 487 844 552 VIII
867 525 910 532 --

229 701 305 766 dein
329 694 447 780 cupido
472 698 617 780 augendi
639 696 822 778 pecuniam,
846 704 1046 776 postremum
1072 692 1193 758 oblivio
1218 692 1347 772 patriae
1361 690 1430 755 suis

232 830 393 891 quemque
417 813 457 875 ab
482 810 616 875 sedibus
640 809 793 874 hostilem
815 808 851 872 i'n
874 825 989 899 agrum
1013 806 1247 871 transtulerat.

291 983 341 1041 63.
364 976 566 1040 Maroboduo
598 975 744 1054 undique
768 976 901 1038 deserto
924 991 990 1037 non
1013 972 1102 1036 aliud
1126 969 1307 1035 subsidium
1332 987 1428 1048 quam

228 1087 455 1154 misericordia
479 1087 632 1152 Caesaris
662 1086 735 1152 fuit.
759 1087 1005 1167 Transgressus
1036 1083 1234 1164 Danuvium,
1269 1101 1334 1160 qua
1366 1083 1430 1146 No.

139 1239 142 1246 ·
229 1201 333 1265 ricem
356 1200 561 1282 prouinciam
589 1199 752 1281 praefluit,
788 1199 923 1279 scripsit
946 1197 1079 1264 Tiberio
1103 1215 1168 1260 nou
1199 1199 1237 1260 ut
1268 1196 1428 1276 prodigus

232 1319 291 1380 aut
324 1313 472 1395 supplex,
507 1314 564 1378 sed
600 1331 640 1378 ex
671 1312 826 1377 memoria
855 1311 976 1392 prioris
1005 1309 1174 1374 fortunae:
1212 1327 1286 1372 nam
1317 1309 1429 1373 multis

230 1427 422 1492 nationibus
448 1427 665 1491 clarissImum
689 1427 852 1504 quondam
875 1443 988 1506 regem
1012 1424 1054 1485 ad
1078 1440 1113 1485 se
1136 1420 1333 1487 vocantibus
1366 1420 1429 1483 Ro·

230 1558 358 1604 manam
390 1538 568 1603 amicitiam
591 1539 799 1619 praetulisse.
829 1538 1038 1618 Responsum
1061 1535 1237 1599 aansare
1268 1537 1375 1597 tutam
1400 1533 1430 1596 ei

194 1738 197 1745 .
231 1654 492 1731 honoratamque
515 1653 627 1716 sedem
650 1651 685 1715 in
707 1651 808 1716 Italia
831 1649 910 1732 fore,
935 1649 964 1714 si
985 1651 1150 1713 maneret:
1178 1645 1229 1711 sin
1245 1648 1344 1710 rebus
1358 1646 1428 1710 eius

234 1765 323 1829 aliud
347 1765 558 1846 conduceret,
593 1763 760 1828 abiturum
783 1762 848 1828 fide
880 1781 945 1841 qua
975 1760 1133 1828 venisset.
1157 1761 1311 1825 Ceterum
1342 1760 1430 1839 apud

234 1881 386 1942 senatum
409 1876 577 1958 disseruit,
608 1894 673 1942 non
696 1876 883 1956 Philippum
906 1874 1179 1955 Atheniensibus,
1201 1891 1267 1937 non
1289 1873 1429 1953 Pyrrum

234 1995 293 2056 aut
329 1989 529 2054 Antiochum
568 1989 686 2070 populo
723 1990 871 2053 Romano
909 1987 1047 2070 perinde
1084 1986 1278 2050 metuendos
1316 1983 1429 2048 fuisse.

233 2103 339 2167 Extat
363 2101 477 2183 oratio,
512 2119 577 2181 qua
600 2101 860 2182 magnitudinem
883 2099 956 2181 viri,
990 2097 1182 2166 violentiam
1206 2097 1430 2162 subiectarum

235 2216 267 2280 ei
289 2214 438 2297 gentium
461 2218 496 2277 et
520 2232 617 2293 quam
644 2212 849 2293 propinquus
879 2211 1000 2277 Italiae
1023 2210 1137 2292 hostis,
1173 2227 1297 2290 suaque
1320 2209 1355 2272 in
1378 2212 1433 2273 de·

236 2328 394 2391 struendo
420 2345 457 2391 eo
481 2325 618 2390 consilia
643 2325 770 2390 extulit.
795 2326 840 2389 Et
853 2326 1076 2390 Maroboduus
1100 2323 1232 2403 quidem
1250 2323 1434 2389 Ravennae

235 2440 377 2520 habitus
416 2438 445 2502 si
479 2439 610 2517 quando
644 2438 887 2504 insolescerent
921 2436 1032 2518 Suebi,
1066 2437 1162 2516 quasi
1195 2437 1366 2502 rediturus
1401 2437 1435 2500 in

234 2570 372 2633 regnum
413 2552 660 2615 ostentabatur:
697 2553 755 2616 sed
794 2569 858 2615 non
899 2549 1043 2615 excessit
1080 2549 1180 2614 ltalia
1212 2568 1272 2630 per
1312 2552 1434 2614 duode-

237 2663 358 2746 viginti
395 2682 509 2745 annos,
534 2663 776 2742 consenuitque
809 2641 947 2727 multum
986 2662 1157 2726 imminuta
1196 2662 1351 2726 clarItate
1394 2665 1433 2727 ob
1537 2715 1540 2719 .

237 2777 369 2842 nimiam
392 2776 528 2843 vivendi
551 2776 745 2857 cupidinem.
770 2776 862 2840 Idem
885 2775 1069 2841 Catualdae
1094 2793 1321 2857 casusneque
1344 2776 1435 2841 aliud

236 2888 430 2972 perfugium.
454 2889 575 2952 Pulsus
598 2889 687 2952 haud
710 2889 812 2952 multo
825 2892 900 2968 post
924 2888 1232 2953 Hermundurorum
1256 2889 1372 2969 opibus
1397 2894 1431 2953 et

236 3002 358 3068 Vibilio
383 3004 466 3066 duce
489 3005 711 3080 receptusque
745 3001 869 3066 Forum
901 3000 1030 3082 Iulium,
1055 3001 1281 3066 Narbonensis
1306 3001 1435 3066 Galliae

239 3114 406 3196 coloniam,
445 3113 598 3178 mittitur.
637 3113 779 3179 Barbari
817 3118 994 3192 utrumque
1026 3114 1184 3195 comitati,
1223 3131 1265 3178 ue
1304 3113 1435 3192 quietas

240 3228 427 3310 prouincias
474 3225 611 3290 immixti
654 3228 839 3308 turbarent,
889 3226 1080 3293 Danuvmm
1119 3226 1208 3289 ultra
1251 3226 1340 3290 inter
1380 3225 1436 3291 flu-

239 3341 326 3406 mina
361 3341 489 3405 Marum
523 3343 558 3403 et
590 3340 712 3404 Cusum
745 3340 906 3421 locantur,
940 3341 1019 3404 dato
1049 3356 1129 3421 rege
1163 3339 1293 3403 Vannio
1328 3340 1439 3422 gentis

244 3455 442 3540 Quadorum.

301 3582 460 3636 Cornelii
482 3581 611 3636 Tacit-i
632 3581 795 3649 „lhnnales‘t
816 3586 936 3634 eremite
956 3581 1066 3634 saeculo
1085 3580 1107 3632 l.
1127 3587 1208 3646 post
1227 3580 1289 3634 Chr.
1310 3579 1440 3646 scriptae.

248 3679 308 3732 Lib.
328 3679 461 3747 liquuit.
482 3680 543 3731 Car:
563 3677 688 3741 Halmii.)

201 3954 391 4044 Hercynia
415 3954 522 4023 silva.
558 3993 596 4001 -
631 3953 877 4021 Boihaemum.
913 3993 947 4001 -
985 3954 1212 4040 Her-quinius
1236 3955 1366 4024 soltus.
1399 3997 1440 4003 -

219 4144 222 4149 ,
243 4069 350 4137 Albis
373 4069 519 4136 fiumen.
1375 4066 1377 4071 ’

303 4215 353 4274 28.
377 4209 564 4274 Validiores
595 4208 670 4272 olim
702 4207 872 4272 Gallorum
896 4227 950 4272 res
973 4208 1076 4274 fuisse
1107 4227 1249 4273 summus
1273 4214 1444 4275 auctorum

243 4322 339 4387 diuus
362 4322 466 4387 Iulius
490 4322 604 4403 tradit,
638 4338 741 4399 eoque
772 4320 930 4386 credibile
961 4326 1013 4385 est
1038 4320 1137 4385 etiam
1166 4320 1283 4385 Gallos
1306 4322 1340 4386 in
1364 4322 1445 4389 Ger-

243 4435 384 4501 maniam
419 4440 667 4515 trausgressos:
702 4433 898 4513 quantulum
928 4434 1015 4498 enim
1047 4432 1152 4498 amnis
1187 4435 1352 4518 obstabat,
1383 4456 1446 4517 quo

242 4548 357 4629 minus,
391 4552 426 4610 ut
457 4565 609 4626 quaeque
641 4565 723 4629 gens
755 4546 936 4623 euoluerat,
967 4550 1146 4627 occuparet
1175 4553 1446 4629 permutaretque

243 4661 338 4724 sedes
370 4658 572 4739 promiscuas
603 4660 710 4725 adlmc
734 4667 767 4723 et
792 4660 881 4724 nulla
905 4677 1081 4744 regnorum
1114 4660 1265 4739 potentia
1296 4661 1446 4727 diuisas?
