3278 5332
748 523 899 582 ..5.-

243 721 410 792 Boemiam
422 726 656 809 ingrediuntur
666 730 704 791 θῖ
715 745 813 791 unam
828 745 965 807 parvam
977 726 1154 810 regionem,
1178 731 1332 807 quaeest
1356 727 1444 792 circa

240 839 377 906 fluvium
399 839 558 922 Bonnam,
582 839 812 905 demoliuntur.
835 840 966 923 (Cosm.)

189 1016 326 1099 'Beliua
349 1030 451 1117 urbs,
481 1029 701 1100 suburbium
735 1032 773 1100 et
799 1030 930 1099 forum.
967 1032 1098 1115 (Belina
1111 1061 1151 1087 ==
1165 1031 1263 1113 Biltn,
1286 1030 1351 1096 Lit.
1376 1030 1441 1114 49.)

299 1171 420 1240 Urbs:
446 1176 538 1236 1040.
555 1171 710 1237 Relatum
728 1175 779 1237 est
797 1171 929 1236 duci'de
946 1170 1061 1236 Pricos
1079 1170 1207 1252 comite,
1224 1170 1280 1249 qui
1294 1167 1440 1251 praefuit

215 1281 356 1349 ⁵Beline
379 1283 414 1348 in
437 1285 528 1366 urbe,
552 1287 639 1363 quod
652 1289 829 1366 corruptus
848 1283 1014 1349 Saxonum
1033 1283 1175 1364 pecunia
1198 1300 1264 1348 nou
1287 1283 1440 1348 stetisset

239 1414 280 1461 ex
302 1398 443 1462 adverso
467 1397 657 1463 munitionis
680 1397 715 1461 iu
739 1397 891 1462 custodia
914 1401 977 1462 etc.
1002 1396 1131 1475 (Cosm.)

302 1514 394 1574 1061.
418 1509 518 1573 Mutis
542 1528 649 1575 comes
674 1509 764 1576 urbis
789 1509 936 1590 Belinae,
959 1508 1046 1573 filius
1070 1508 1175 1590 Beris,
1200 1509 1235 1574 in
1257 1509 1382 1575 honore
1405 1509 1437 1574 S.

240 1621 335 1686 Petri
356 1641 408 1703 ap.
432 1622 623 1688 aedificavit
647 1622 830 1688 ecclesiam.
859 1660 903 1668 —
925 1621 1089 1687 Nuntius:
1123 1621 1266 1703 „Ablata
1296 1626 1349 1688 θεῖ
1378 1623 1440 1689 tibi
1565 1647 1567 1652 ’

237 1733 329 1798 urbis
350 1734 562 1815 praefectura
586 1739 620 1799 et
644 1737 724 1800 data
746 1735 929 1816 Koyatae.“
956 1734 1087 1799 Comes:
1124 1734 1223 1816 „Dux
1248 1740 1300 1800 est
1323 1739 1358 1800 θῖ
1382 1738 1436 1801 do-

235 1847 360 1926 miuus3
384 1849 426 1912 de
449 1847 587 1914 civitate
610 1865 671 1912 sua
693 1845 806 1930 faciat,
829 1850 918 1926 quod
940 1847 1005 1912 sibi
1027 1847 1167 1929 placet.“
1194 1849 1323 1929 (Cosm.)

295 1976 561 2042 Suburbium:
587 1982 679 2042 1061.
703 1976 856 2042 Ecclesia
879 1977 940 2061 (st.
963 1977 1078 2060 Petri),
1112 1995 1197 2056 quae
1223 1982 1275 2042 θεῖ
1306 1977 1372 2043 sita
1404 1978 1438 2042 iu

238 2089 405 2172 suburbio,
437 2107 512 2155 mox
537 2090 701 2171 dedicata,
724 2090 876 2156 ascendit
900 2093 967 2155 dux
991 2090 1025 2154 in
1050 2091 1164 2155 urbem
1188 2092 1230 2154 ad
1256 2090 1439 2171 prandium.

238 2201 369 2286 (Coum.)

293 2314 460 2378 Forum:
487 2321 578 2379 1208.
603 2315 752 2397 Plemysl
764 2315 789 2380 Ι.
802 2315 946 2382 absolvit
969 2315 1093 2380 fratres
1118 2314 1229 2379 Ossec.
1253 2319 1288 2380 θῖ
1307 2314 1431 2380 liberos

235 2445 309 2492 esse
332 2427 483 2493 decernit
506 2431 547 2494 ab
571 2427 658 2492 omni
680 2427 805 2493 telonei
828 2428 1002 2494 exactione
1029 2428 1063 2493 in
1086 2427 1157 2492 foro
1192 2427 1363 2525 Belinensi
1380 2479 1387 2492 .
1404 2479 1434 2494 ..

191 2630 402 2715 Belincusis
424 2631 631 2719 provincia.
655 2633 838 2716 (Belinsku
861 2634 1005 2714 Bdlsko.)

294 2774 371 2837 Dux
394 2773 556 2838 Lucensis
580 2773 728 2839 condidit
751 2777 874 2856 urbem,
899 2792 996 2853 quam
1019 2774 1201 2854 appellavit
1224 2774 1353 2839 nomine
1372 2793 1431 2838 suo

236 2885 451 2969 Wlastislaw,
474 2877 509 2951 in
532 2885 671 2952 confinio
696 2888 835 2951 duarum
859 2885 1112 2968 provinciarum,
1136 2886 1254 2952 Belina
1273 2892 1307 2952 et
1330 2889 1432 2952 Luto-

234 2999 358 3081 merici,
394 3003 427 3064 et
450 2999 561 3081 posuit
585 2999 619 3064 in
654 3017 693 3064 ea
723 2999 812 3066 viros
844 2999 983 3081 iniquos,
1015 3000 1056 3063 ob
1086 2999 1224 3063 iusidias
1258 2999 1433 3080 utriusque

234 3112 355 3195 populi,
379 3112 456 3192 quia
479 3113 513 3176 hi
536 3113 740 3196 adjuvabant
762 3116 877 3192 partes
900 3112 1104 3176 Boemorum.
1129 3112 1257 3195 (Cosm.)

295 3229 367 3288 993.
390 3224 525 3305 Papalis
556 3223 759 3289 confirmatio
788 3241 875 3290 mon.
897 3223 1092 3288 BrewnoW.:
1119 3224 1281 3304 „decimas
1302 3243 1432 3305 quoque

232 3336 332 3401 trium
354 3337 607 3420 provinciarum,
630 3336 920 3418 Lutomericensis‚
944 3336 1141 3420 Rubrensis,
1165 3338 1370 3403 Deoinensis

293 3450 348 3515 Ca.
380 3455 472 3514 1057.
503 3448 696 3531 Spitigueus
727 3448 771 3512 ΙΙ.
801 3446 929 3512 addidit
968 3448 1076 3513 adhuc
1107 3449 1176 3514 XII
1214 3451 1357 3515 rusticos
1397 3451 1432 3516 iu

229 3560 447 3643 Luthomiric‚
469 3561 608 3625 totidem
631 3560 666 3625 iu
688 3559 816 3642 Boline,
839 3559 909 3624 doti
933 3560 1011 3623 eccl.
1035 3560 1202 3627 Lutomer.

294 3679 386 3737 1088.
410 3672 452 3737 W
476 3673 582 3739 belse:
607 3670 743 3737 Sililicilr
759 3673 800 3736 de
816 3675 908 3736 terra
927 3675 969 3738 ad
986 3675 1049 3738 duro
1065 3678 1196 3754 aratra3
1214 3674 1249 3739 in
1271 3675 1336 3741 alia
1352 3677 1432 3742 villa

231 3787 346 3851 eodem
369 3784 499 3850 nomine
521 3788 713 3865 nuncupata
737 3789 828 3849 terra
847 3787 890 3849 ad
913 3790 1061 3851 aratrum
1085 3804 1157 3851 cum
1172 3787 1325 3853 vinitore.
1339 3789 1430 3854 Cola-

230 3897 312 3963 ticih
335 3900 376 3963 ab
399 3898 618 3979 hospitalibus
641 3917 701 3978 per
724 3901 828 3963 totam
843 3897 956 3962 villam
974 3898 1101 3965 decima
1117 3899 1195 3964 eccl.
1215 3899 1431 3984 Wyssegrad.

294 4018 385 4076 1130.
408 4011 578 4077 Decimam
589 4030 733 4075 uiarcam
750 4013 790 4075 de
807 4028 916 4074 annuo
932 4010 1057 4077 tributo
1074 4010 1197 4098 fratres
1214 4014 1430 4097 Wyssegrad.

231 4123 264 4187 in
288 4123 339 4187 his
363 4123 557 4190 civitatibus
590 4125 746 4205 habeant,
775 4121 840 4188 uid.
871 4122 1104 4207 Lutomericih,
1132 4125 1258 4208 Beliue,
1288 4127 1425 4193 Daoiue.

293 4242 385 4300 1169.
410 4236 612 4301 Wladislaus
629 4235 784 4317 hospitali
808 4236 838 4300 S.
861 4235 1003 4300 Joanuis
1016 4236 1106 4301 Hier.
1131 4237 1302 4302 confirmat
1328 4242 1430 4321 „duas

230 4346 327 4413 villas
357 4347 391 4411 in
420 4347 591 4428 provincia
620 4347 799 4428 Belinensi,
834 4348 941 4413 dictas
972 4349 1146 4414 Borislave
1178 4354 1213 4414 θῖ
1245 4351 1427 4437 Hribovici‚

229 4477 314 4538 quae
338 4476 479 4525 coronae
500 4478 593 4525 meae
616 4460 844 4543 adjacebant.“

289 4577 381 4635 1208.
405 4573 557 4654 Premysl
579 4573 603 4637 Ι.
633 4572 757 4639 fratres
788 4574 904 4639 Ossek.
935 4575 1079 4640 absolvit
1109 4578 1150 4640 ab
1183 4576 1268 4640 omui
1299 4577 1423 4643 telonei

229 4683 402 4750 exactione
425 4683 459 4748 in
482 4683 552 4750 foro
576 4685 746 4754 Belinensi
763 4690 796 4752 et
814 4689 849 4752 in
865 4687 1004 4771 singulis
1021 4687 1112 4769 ipsus
1129 4689 1320 4769 provinciae
1336 4690 1426 4757 foris.
