3278 5332
742 513 936 579 ..XV-

319 722 511 802 6301101110
536 721 621 804 631).
652 721 701 786 Εο
725 739 774 785 ao.
799 720 911 786 Sclavi
942 739 1035 803 cogn.
1069 719 1228 802 Winidi,
1263 719 1303 784 in
1336 738 1459 802 regno

260 835 435 901 Samonis
459 834 672 917 negotiantes
695 834 901 900 Francorum
925 852 997 898 cum
1020 821 1193 913 plurimam
1215 833 1459 899 multitudinem

260 947 512 1013 interfecissent
536 955 571 1012 et
594 950 694 1013 rebus
718 946 953 1028 expoliassent,
986 946 1048 1012 hoc
1071 945 1135 1010 fuit
1157 946 1297 1011 initium·
1311 947 1458 1012 scandali

255 1061 345 1125 inter
379 1062 607 1143 Dagobertum
638 1064 673 1124 et
707 1061 888 1141 Samonem,
912 1077 1025 1141 regern
1060 1059 1340 1126 Sclavinorum.
1371 1061 1458 1126 Diri·

259 1191 408 1255 gensque
421 1174 635 1255 Dagobertus
647 1171 833 1237 Sicharium
846 1171 1045 1254 legatarium
1059 1174 1101 1235 ad
1125 1171 1306 1255 Samonem,
1330 1179 1457 1256 petens,

257 1291 294 1348 ut
328 1284 552 1366 negotiantes
586 1303 668 1363 quos
701 1284 753 1348 sui
787 1283 1030 1350 interfecerant
1066 1289 1100 1349 et
1133 1304 1187 1350 res
1223 1305 1305 1365 quas
1340 1287 1455 1353 illicite

261 1402 516 1479 usurpaverant,
551 1415 624 1462 oum
654 1397 788 1481 justitia
819 1397 948 1462 faceret
984 1399 1168 1463 emendare.
1210 1398 1306 1465 Samo
1341 1400 1457 1465 nolens

259 1510 444 1575 Sicharium
467 1511 592 1593 videre,
615 1529 676 1575 nec
700 1513 742 1574 ad
765 1528 802 1574 se
820 1528 892 1575 eum
905 1510 1021 1576 venire
1034 1512 1260 1592 permitteret:
1285 1512 1457 1583 Sioharius

260 1629 373 1688 vestes
398 1622 533 1688 indutus
558 1628 611 1688 est
634 1623 808 1688 adinstar
831 1622 1112 1706 Sclavinorum,
1136 1643 1207 1689 oum
1231 1625 1300 1689 suis
1324 1628 1366 1690 ad
1384 1645 1462 1691 con-

261 1740 412 1817 spectum
442 1735 607 1817 pervenit,
641 1733 773 1800 Semoni
806 1735 974 1817 universa,
1000 1754 1085 1815 quae
1121 1737 1270 1821 injuncta
1303 1739 1460 1821 habebat,

259 1847 444 1927 nuntiavit;
468 1851 527 1914 sed
549 1852 587 1913 ut
610 1848 711 1913 habet
735 1844 908 1930 gentilitas
932 1853 967 1913 et
990 1849 1146 1929 superbia
1169 1870 1353 1934 pravorum,
1377 1852 1459 1918 nihil

259 1961 452 2043 aSamone,
477 1979 561 2040 qirae
585 1960 636 2025 sui
659 1960 872 2045 admiserant,
907 1969 960 2028 est
989 1965 1206 2046 emendatum,
1240 1965 1307 2030 nisi
1329 1970 1457 2031 tantum

258 2072 383 2154 placita
406 2073 534 2140 vellens
551 2073 738 2155 instituere,
762 2078 798 2139 ut
822 2077 864 2141 de
886 2075 937 2140 his
962 2080 996 2141 et
1009 2075 1084 2141 aliis
1100 2077 1350 2162 intentionibus,
1373 2097 1458 2159 quae

257 2185 347 2250 inter
369 2184 429 2251 has
453 2188 567 2267 partes
591 2191 685 2251 ortae
708 2184 851 2270 fuerant,
871 2188 1004 2272 justitia
1028 2190 1225 2255 redderetur
1248 2190 1282 2254 in
1305 2189 1456 2257 iniicem.

318 2339 486 2407 Sioharius
510 2342 596 2407 sicut
625 2342 749 2406 stultus
772 2343 912 2426 legatus,
948 2347 1051 2410 verba
1074 2343 1274 2427 improperii,
1287 2364 1373 2425 quae
1403 2347 1454 2412 in·

252 2454 370 2536 juncta
392 2473 457 2520 non
479 2455 651 2538 habuerat,
675 2460 709 2521 et
732 2455 838 2522 minas
861 2458 1024 2522 adversus
1048 2455 1454 2541 Sainone1n10quitur,‚e0

256 2568 342 2644 quod
365 2566 460 2632 Samo
484 2571 518 2631 et
541 2568 681 2648 populus
706 2568 802 2650 regni
826 2568 893 2633 suis
915 2569 1110 2650 ,Dagoberto
1124 2570 1262 2635 deberet
1276 2571 1457 2638 servitium.

254 2678 348 2743 Samo
373 2680 578 2759 respondens
590 2681 658 2764 jam
676 2680 806 2746 saucius
831 2680 929 2745 dicit:
951 2680 1016 2761 „Et
1032 2683 1454 2768 terram,quamhabem1m,

257 2790 444 2873 Dagoberti
479 2800 541 2874 est,
575 2799 610 2858 et
632 2811 691 2859 nos
717 2793 768 2858 sui
792 2811 912 2874 sumus,
946 2793 975 2857 si
1006 2796 1117 2858 tamen
1147 2794 1317 2859 nobiscum
1350 2798 1458 2878 dispo·

258 2903 362 2967 suerit
385 2903 548 2968 amicitias
572 2908 801 2972 conservaret
837 2904 1005 2970 Siclrarius
1029 2906 1158 2970 dicens:
1190 2905 1283 2987 „Non
1308 2914 1359 2974 est
1383 2928 1455 2990 pos-

258 3016 363 3098 sibile,
386 3015 626 3083 111011111110111
642 3017 707 3083 Dei
730 3018 820 3086 servi
843 3037 914 3083 cum
939 3017 1075 3083 canibus
1099 3017 1262 3084 amicitias
1283 3020 1455 3087 conlocare

257 3127 416 3209 possint“.
457 3128 553 3194 Samo
578 3131 785 3195 econtrario
810 3130 909 3195 dixit:
948 3130 1002 3212 „si
1025 3147 1084 3197 vos
1109 3129 1190 3195 estis
1214 3131 1278 3197 Dei
1310 3135 1399 3201 servi
1422 3139 1456 3198 et

258 3259 319 3306 nos
343 3260 455 3306 sumus
479 3242 541 3308 Dei
575 3261 684 3326 canes,
718 3246 795 3308 dum
818 3263 876 3311 vos
899 3244 1033 3308 assidue
1063 3248 1180 3307 contra
1208 3244 1314 3324 ipsum
1345 3247 1456 3330 agitiS,

258 3371 318 3417 nos
342 3353 536 3434 permissum
559 3355 745 3436 accepimus
770 3373 828 3422 vos
851 3356 1014 3421 morsibus
1038 3355 1218 3422 laceraret
1241 3356 1381 3442 Ejectus
1406 3365 1457 3424 est

261 3465 429 3531 Sicharius
453 3468 495 3532 de
516 3474 699 3559 *conspectu
723 3468 880 3534 Samonis.

263 3584 305 3613 η
319 3622 398 3687 (lum
420 3621 482 3687 hoc
513 3622 706 3705 Dagoberto
740 3624 940 3706 nuntiasset,
976 3623 1165 3703 superbiter
1183 3625 1282 3708 jubet
1303 3629 1353 3705 ¹de
1377 3628 1457 3692 uni-

152 3808 157 3816 ,
260 3750 375 3800 verso
410 3752 531 3816 regno
559 3734 859 3801 Austrasiorum
889 3739 1005 3801 contra
1034 3735 1207 3801 Samonem
1239 3743 1273 3802 et
1309 3739 1460 3806 Winidos

258 3864 391 3913 movere
414 3847 605 3913 exercitum.
618 3847 685 3914 Ubi
701 3848 829 3914 tribus
845 3847 983 3913 turmis
996 3848 1182 3930 phalangae
1199 3868 1298 3932 super
1310 3852 1461 3917 Winidos

257 3941 426 4024 exercitus
440 3959 627 4041 ingreditur
638 3985 645 4040 3
658 3959 824 4041 etiamque
837 3962 1092 4043 Langobardi
1105 3963 1266 4028 solatione
1277 3964 1463 4046 Dagoberti

258 4070 411 4151 idemque
435 4073 646 4138 hostiliter
669 4074 707 4138 in
730 4073 894 4140 Sclavos
917 4079 1191 4154 perrexerunt.

319 4227 431 4293 Sclavi
453 4227 504 4292 his
528 4231 563 4293 et
585 4227 660 4293 aliis
683 4227 763 4292 locis
788 4247 806 4294 e
830 4227 996 4294 contrario
1020 4236 1271 4314 praeparantes
1302 4233 1455 4298 Alama-

257 4357 390 4404 norum
415 4341 581 4405 exercitus
594 4358 666 4405 011111
690 4340 915 4406 Chrodoberto
940 4344 1024 4406 duce
1041 4342 1075 4407 in
1088 4348 1193 4426 parte,
1206 4362 1270 4422 qua
1282 4343 1454 4427 ingressus

260 4457 320 4533 est,
342 4451 517 4517 1101011011
539 4450 697 4531 0111111111;
727 4452 978 4534 Langobardi
999 4453 1180 4534 itidemque
1203 4455 1376 4522 victoriam
1401 4461 1456 4523 ob·
1542 4471 1544 4474 ·

258 4564 439 4630 timuerunt.
463 4565 510 4629 Et
533 4564 705 4646 plurimum
728 4583 899 4631 numerum
922 4566 1129 4647 captivorum
1152 4570 1193 4633 de
1217 4567 1346 4636 Sclavis
1370 4571 1459 4638 Ala-

259 4678 361 4742 mani
385 4682 420 4743 et
443 4677 697 4760 Langobardi
720 4695 834 4744 secum
856 4681 1032 4744 duxerunt.
