3278 5332
730 513 928 578 —VH-

254 723 405 803 bandum,
440 739 536 799 quam
567 722 689 787 Varum
720 721 915 806 Quintilium
949 722 1189 788 interfecerint.
1223 723 1454 789 Meminissent

254 837 348 899 modo
372 839 423 898 tot
447 834 653 916 proeliorum,
677 852 814 914 quorum
838 839 962 902 eventu
986 841 1021 901 11
1044 837 1312 915 adpostremum
1335 835 1451 901 eiectis

252 947 410 1013 Romanis
434 947 518 1011 satis
541 949 725 1029 probatum,
748 965 850 1028 penes
875 952 968 1013 utros
992 966 1117 1013 summa
1139 949 1219 1013 belli
1240 947 1350 1014 fuerit.

313 1091 364 1152 46.
388 1087 505 1165 Neque
528 1087 753 1151 Maroboduus
777 1085 940 1151 iactantia
963 1087 1015 1151 sui
1038 1091 1097 1151 aut
1120 1087 1250 1168 probris
1274 1088 1307 1154 in
1323 1091 1451 1159 11111111

253 1201 454 1281 abstinebat,
497 1201 555 1264 sed
585 1200 830 1281 Inguiomerum
864 1204 984 1264 tenens
1017 1199 1071 1265 illo
1106 1199 1139 1265 in
1175 1219 1312 1282 corpore
1350 1205 1452 1270 decus

256 1333 350 1380 omne
373 1314 622 1393 Cheruscorum,
656 1311 744 1376 illius
768 1311 914 1377 consiliis
947 1317 1044 1394 gesta
1067 1331 1152 1393 quae
1184 1332 1343 1395 prospere
1368 1320 1451 1383 1111-

257 1429 377 1507 derint,
402 1428 609 1491 testabatur:
644 1425 841 1490 vaecordem
874 1424 1059 1489 Arminium
1077 1416 1079 1421 ⁴
1094 1429 1127 1490 et
1161 1444 1272 1490 rerum
1305 1432 1452 1496 nescium

254 1540 394 1606 alienam
419 1538 556 1621 gloriam
582 1536 617 1601 in
649 1555 686 1601 se
708 1537 852 1618 trabere,
888 1536 1040 1616 quoniam
1071 1542 1141 1603 tres
1165 1556 1270 1621 vagas
1301 1540 1449 1623 legiones

254 1660 286 1721 et
310 1657 427 1719 ducem
449 1649 577 1714 fraudis
600 1649 750 1730 ignarum
774 1647 912 1729 perfidia
935 1649 1115 1732 deceperit,
1137 1669 1257 1733 magna
1270 1670 1342 1717 cum
1355 1655 1450 1722 clade

256 1765 453 1835 Germaniae
490 1771 523 1828 et
554 1760 732 1844 ignominia
762 1779 831 1843 sua,
866 1779 940 1826 curn
972 1761 1123 1845 coniunrr,
1158 1782 1230 1828 cum
1259 1739 1346 1829 filius
1377 1768 1448 1834 eius

251 1878 426 1946 servitium
449 1874 557 1941 adhuc
580 1874 733 1940 tolerent.
758 1872 804 1938 At
828 1892 864 1938 se
887 1874 1059 1940 duodecim
1089 1874 1274 1958 legionibus
1306 1879 1449 1959 petitum

252 1997 335 2059 duce
360 1990 491 2056 Tiberio
515 1988 686 2053 inlibatam
711 1986 949 2053 Germanorum
980 1987 1117 2070 gloriam
1141 1991 1340 2074 servavisse,
1375 2011 1450 2057 mox

248 2103 496 2172 condicionibus
519 2101 635 2180 aequis
659 2100 856 2179 discessum,
880 2118 988 2179 neque
1004 2102 1186 2184 paenitere,
1203 2105 1447 2185 quodipsormn

249 2220 283 2284 in
305 2235 403 2282 manu
427 2216 480 2297 sit,
513 2215 682 2294 integrum
710 2215 887 2277 adversum
917 2212 1084 2278 Romanos
1114 2215 1236 2280 bellum
1259 2237 1302 2281 11
1332 2236 1447 2297 pacem

247 2333 456 2397 incruentam
478 2327 603 2392 malint.
627 2327 690 2391 His
713 2326 851 2392 vocibus
882 2326 1061 2391 instinctos
1093 2328 1261 2392 exercitus
1292 2331 1446 2411 propriae

247 2462 377 2526 quoque
401 2460 522 2508 causae
555 2439 779 2521 stimulabant,
810 2457 881 2502 1111
907 2458 926 2503 1
950 2439 1126 2506 Cheruscis
1149 2441 1445 2524 Langobardisque

248 2576 305 2639 pro
330 2556 466 2635 antiquo
491 2556 610 2618 decore
644 2558 703 2616 aut
727 2550 856 2616 recenti
878 2550 1035 2616 libertate
1067 2557 1101 2617 11
1124 2559 1240 2620 111111
1271 2560 1445 2640 augendae

246 2666 461 2735 dominationi
485 2670 682 2731 certaretur.
706 2665 780 2729 Non
804 2664 885 2729 alias
898 2665 1020 2730 maiore
1033 2667 1116 2732 mole
1130 2686 1325 2735 concursum
1337 2689 1444 2751 neque

245 2783 397 2864 ambiguo
420 2780 526 2862 magis
550 2783 683 2860 eventu,
714 2776 798 2842 lusis
822 2777 986 2857 utrimque
1012 2780 1139 2845 dextris
1163 2783 1334 2864 cornibus3
1370 2802 1443 2865 spe-

244 2899 447 2974 rabaturque
480 2911 611 2957 rursum
647 2910 767 2974 pugna,
801 2892 836 2956 ni
870 2891 1094 2958 Maroboduus
1129 2900 1242 2960 castra
1274 2896 1307 2960 in
1343 2899 1443 2964 colles

245 3008 468 3075 subduxisset.
491 3007 532 3070 ld
555 3006 685 3088 signum
708 3004 853 3086 perculsi
884 3005 964 3084 fuit,
998 3011 1033 3071 11
1056 3007 1253 3090 transfugiis
1283 3012 1443 3090 paulatim

244 3126 389 3188 nudatus
413 3120 447 3184 in
469 3119 697 3184 Marcomanos
715 3119 889 3200 concessit,
905 3119 1059 3199 misitque
1072 3121 1201 3203 legatos
1215 3125 1257 3186 ad
1274 3123 1443 3189 Tiberium

243 3240 394 3302 oraturos
419 3231 552 3296 auxilia.
576 3231 785 3311 Responsum
808 3235 869 3312 est,
893 3249 958 3296 non
982 3231 1054 3296 iure
1079 3250 1151 3297 eum
1174 3236 1334 3306 adversus
1359 3237 1440 3302 Clie-

243 3367 357 3415 111111
381 3366 472 3412 arma
495 3346 644 3410 Romana
660 3345 825 3427 invocare,
849 3345 905 3424 qui
918 3345 1097 3428 pugnantis
1109 3345 1142 3410 in
1156 3349 1296 3411 eundem
1312 3348 1439 3414 11111111

241 3465 405 3529 Romanos
429 3460 519 3524 nulla
544 3477 603 3540 ope
628 3459 778 3524 iuvisset.
816 3458 938 3523 Missus
962 3463 1073 3524 111111
1104 3460 1243 3543 Drusus,
1274 3467 1312 3526 ut
1335 3466 1440 3527 rettu-

241 3577 346 3658 111111,
370 3574 445 3656 paci
467 3572 622 3637 firmator.

303 3764 353 3822 11.
377 3757 462 3821 Dum
486 3759 660 3820 11111111
685 3754 880 3820 Germanico
905 3755 1016 3834 plures
1040 3775 1099 3836 per
1123 3757 1310 3837 provincias
1331 3763 1440 3825 trans·
1524 3838 1527 3845 Ι

241 3872 354 3954 igitur,
387 3870 475 3933 baud
498 3868 573 3933 leve
603 3869 705 3932 decus
728 3867 859 3931 Drusus
883 3868 1058 3951 quaesivit,
1082 3868 1234 3934 inliciens
1258 3870 1439 3938 Germanos

241 3986 283 4048 ad
306 3981 489 4047 discordias
513 3984 614 4059 utque
644 3977 751 4045 fracto
775 3979 839 4044 iam
869 3982 1071 4046 Maroboduo
1097 4000 1201 4062 usque
1233 3984 1268 4048 in
1302 3985 1439 4050 exitium

241 4095 462 4162 insisteretur.
486 4093 570 4156 llrat
584 4093 672 4157 inter
689 4092 835 4158 Gotones
848 4093 966 4158 nobilis
980 4093 1110 4159 iuvenis
1123 4096 1253 4161 nomine
1266 4097 1438 4181 Catualda,

240 4208 398 4291 profugus
422 4208 497 4272 olim
527 4207 562 4271 vi
594 4207 788 4271 Marobodui
818 4211 852 4271 11
884 4212 964 4273 1111
988 4208 1097 4273 dubiis
1132 4213 1232 4275 rebus
1255 4210 1327 4274 eius
1361 4210 1437 4275 ulti-

240 4340 333 4387 onem
349 4338 458 4384 ausus
474 4319 508 4383 Is
521 4317 632 4385 valida
652 4337 750 4383 manu
761 4318 845 4384 fines
862 4321 1145 4387 Marcomanorum
1158 4322 1355 4406 ingreditur,
1368 4342 1438 4389 cor-

238 4433 413 4516 ruptisque
432 4431 628 4512 primoribus
642 4433 683 4495 ad
704 4432 898 4497 societatem
932 4433 1090 4516 inrumpit
1119 4435 1265 4518 regiam
1295 4438 1436 4502 castel-

237 4548 311 4611 lum
318 4564 391 4626 que
404 4545 516 4609 iuxta
529 4544 655 4609 situm.
679 4545 821 4611 Veteres
833 4545 900 4611 illic
914 4548 1096 4612 Sueborum
1108 4551 1253 4630 praedae
1267 4551 1437 4616 etnostris

240 4679 258 4726 e
282 4656 463 4740 provinciis
486 4657 572 4721 lixae
596 4675 635 4721 11
659 4658 887 4741 negotiatores
913 4661 1048 4743 reperti,
1072 4680 1153 4740 quos
1177 4661 1227 4727 ius
1244 4663 1439 4746 commercii,
