3278 5332
718 484 929 594 prta-

212 721 402 800 chhutici
424 725 593 802 inferius.
618 734 657 820 (1)

316 850 408 912 1146.
444 846 648 913 Wladislaus
678 847 721 914 11.
755 846 898 915 fundans
928 867 1012 914 mon.
1045 848 1134 915 Plus.
1167 846 1328 916 fratribus
1362 844 1456 916 dedit

253 959 426 1026 Zechutici
452 979 525 1027 cum
557 961 626 1026 suis
657 961 871 1043 appendiciis.
905 999 948 1009 -
985 967 1066 1027 1183
1090 961 1236 1028 Inferius
1263 962 1456 1046 chhutica,
1572 1019 1581 1059 3
1618 966 1629 1045 j

251 1074 422 1156 praedium
448 1074 614 1141 Friderici
637 1073 740 1158 ducis,
764 1077 851 1156 quod
874 1075 929 1142 ille
953 1094 1026 1141 cum
1058 1075 1160 1142 Cociu
1185 1093 1269 1142 mon.
1297 1076 1451 1143 Plascnsi

253 1188 442 1255 concambio
466 1187 655 1254 tradiderat
678 1206 737 1270 pro
762 1188 890 1256 Ohisco.

208 1434 397 1526 chcznice
420 1455 512 1525 urbs
534 1456 573 1525 et
594 1455 800 1542 provincia.
824 1440 1021 1543 (Zaleznicc,
1044 1459 1146 1541 Bydd.
1172 1458 1256 1544 121.)

314 1574 405 1637 1101.
429 1570 524 1654 Cacc,
548 1588 656 1637 comes
679 1571 929 1656 (1οΖ010111οθ,
963 1590 1047 1638 mon.
1070 1571 1158 1638 Plas.
1181 1572 1324 1638 contulit
1346 1572 1444 1642 villas

251 1683 361 1750 Bicow
385 1688 418 1750 01
440 1682 630 1752 Wilcccow.

205 1906 344 1996 dolive.
368 1910 501 2011 (deliro,
524 1927 610 1994 casu.
637 1927 721 2010 101.)

309 2041 364 2106 (la.
389 2043 481 2107 1144.
504 2036 682 2107 Sobdslaus
715 2040 759 2107 Π.
794 2045 940 2108 castrum
962 2041 1103 2111 Podivin
1137 2041 1172 2108 in
1195 2040 1347 2109 Moravia
1380 2041 1446 2124 cpi·

249 2170 348 2235 scopo
372 2152 581 2220 olomucensi
613 2156 731 2221 contra
753 2153 957 2236 Pragcnscm
987 2152 1194 2238 adjudicavit
1225 2157 1259 2220 01
1296 2173 1358 2238 „nc
1380 2155 1448 2220 ulla

249 2284 350 2349 super
371 2266 433 2332 hoc
456 2266 622 2349 Pragcnsi
634 2264 798 2333 ccclesiae
814 2269 928 2348 posset
941 2265 1098 2348 deinceps
1112 2266 1234 2333 exoriri
1246 2266 1448 2351 reclamatio,

250 2383 439 2460 competens
464 2397 522 2461 pro
545 2379 642 2446 libitu
666 2377 799 2445 Ottonis
823 2378 921 2462 Prag.
945 2378 1092 2461 episcopi
1115 2379 1340 2465 concambium
1367 2378 1449 2447 fecit

248 2492 347 2560 Seleu
370 2511 442 2558 cum
465 2491 672 2573 appendiciis
704 2489 806 2558 suis“.
842 2528 880 2538 -·
918 2495 1098 2558 1140—48.
1130 2491 1167 2558 si
1198 2491 1271 2573 quis
1306 2491 1448 2576 ignorat,
1568 2528 1571 2534 ·

249 2607 328 2686 quid
355 2607 441 2690 juris
475 2608 599 2674 habeat
629 2605 811 2688 Pragensis
844 2605 1018 2686 episcopus
1053 2602 1087 2671 in
1121 2604 1261 2671 Siloensi
1296 2605 1448 2690 ccclesia,

249 2721 353 2786 sciat:
380 2722 466 2800 quod
490 2720 577 2786 sicut
599 2718 634 2785 in
659 2718 734 2785 aliis
757 2717 910 2785 ecclesiis
929 2719 984 2802 jus
1009 2716 1250 2801 dioecesanum,
1283 2717 1332 2783 ita
1356 2719 1448 2785 etin

246 2832 388 2899 Siloensi
410 2832 568 2902 vendicat
590 2831 655 2899 sibi
673 2833 729 2916 jus
752 2836 959 2915 patronatus,
993 2832 1080 2912 quod
1104 2829 1266 2897 accidisse
1298 2831 1448 2898 creditur

246 2946 376 3011 ratione
406 2945 597 3029 concambii,
636 2962 677 3011 ex
715 2963 753 3010 eo
790 2945 865 3028 vid,
905 2946 1035 3024 quando
1064 2945 1104 3008 d.
1143 2942 1222 3008 0110
1259 2945 1358 3026 Prag.
1396 2963 1447 3026 ep.

244 3058 342 3142 (1140
356 3056 445 3143 248)
469 3057 543 3124 duci
574 3057 730 3124 Sobdslao
754 3056 846 3123 dedit
869 3055 1010 3123 Podivin
1039 3055 1074 3122 in
1098 3055 1286 3123 concambio
1310 3075 1368 3137 pro
1396 3055 1445 3122 Si·

241 3170 347 3239 loensi
370 3169 520 3237 circuitu.
543 3170 721 3255 (Gerlach.)

303 3308 591 3378 Monastcrium
613 3308 761 3375 dictum
785 3308 901 3376 Silue.

202 3481 207 3490 .
303 3424 357 3490 Oa.
383 3428 475 3488 1139.
499 3422 621 3489 Notum
652 3426 705 3488 est
738 3421 888 3488 omnibus
918 3420 953 3486 in
986 3420 1121 3487 Boemia
1156 3419 1442 3503 commorantibus,

241 3538 328 3618 quod
352 3535 511 3603 Siloensis
535 3535 699 3602 ecclesiae
719 3535 845 3616 primus
869 3538 1081 3600 constructor
1105 3538 1179 3600 erat
1194 3533 1326 3615 quidam
1337 3535 1441 3600 abbas

240 3649 429 3717 Reimardus
467 3648 606 3732 nomine,
643 3647 732 3732 nigri
767 3647 893 3715 ordinis
931 3646 1108 3731 professor,
1146 3647 1202 3729 qui
1242 3649 1441 3743 condensam

241 3781 420 3846 aggressus
443 3763 560 3832 silvam
592 3766 627 3829 01
650 3763 692 3827 de
715 3779 849 3828 nemore
871 3760 999 3828 faciens
1023 3779 1165 3844 campos,
1200 3759 1374 3828 ecclesiam
1395 3757 1443 3826 ibi

241 3873 428 3941 construxit
457 3874 492 3940 in
525 3875 649 3940 honore
673 3873 704 3940 S.
738 3871 834 3940 Petri
863 3893 914 3955 ap.
948 3872 1032 3939 satis
1065 3872 1217 3957 habilem,
1251 3861 1349 3954 quam
1382 3890 1443 3953 per

238 4006 356 4053 manus
380 3990 409 4054 d.
434 3985 566 4053 Ottonis
600 4005 649 4069 ep.
671 3987 843 4054 dedicavit
867 3990 902 4052 et
936 3987 1048 4053 debito
1071 3986 1138 4074 fine
1160 3984 1312 4068 perfecit.
1348 3983 1442 4050 Basi-

240 4100 337 4166 licam
360 4119 490 4182 quoque
513 4103 548 4167 in
579 4101 798 4168 veneratione
821 4101 850 4166 b.
874 4100 1001 4165 Mariae
1033 4099 1072 4164 V.
1096 4117 1170 4164 cum
1192 4098 1321 4164 duabus
1356 4096 1441 4163 absi-

240 4212 335 4279 dibus
360 4216 395 4279 01
418 4219 561 4294 quatuor
584 4214 747 4280 altaribus
772 4212 914 4297 crigens,
944 4214 987 4277 ad
1008 4211 1151 4277 medium
1179 4229 1284 4292 usque
1319 4209 1442 4277 atrium
1516 4266 1588 4317 ..-·„,

238 4327 378 4394 deduxit
401 4333 436 4394 et
458 4327 640 4412 episcopali
656 4326 810 4409 similiter
821 4324 1054 4395 benedictione
1067 4323 1245 4394 dedicavit.
1257 4321 1438 4409 (Gerlach.)

192 4569 383 4678 chjunici.
407 4571 663 4674 (1011101111.
686 4587 773 4672 267.)

297 4705 351 4771 Oa.
379 4707 459 4770 1228
482 4701 563 4773 villa
584 4720 668 4768 mon.
691 4701 722 4768 S.
747 4698 896 4784 Georgii:
920 4696 1075 4781 Sclunici,
1098 4696 1133 4762 in
1156 4714 1248 4778 prov.
1271 4694 1369 4776 Prag.

245 4843 339 4894 11101010,
353 4845 447 4894 Topogr.
461 4845 534 4886 Boon.
1301 4816 1335 4872 12
