3278 5332
263 739 555 820 transcenderunt,
596 736 745 816 fusisque
787 734 860 798 acie
898 734 1016 800 Tuscis
1058 734 1147 820 baud
1189 735 1303 814 procul
1344 733 1459 800 Ticino

259 850 401 932 flumine,
435 868 508 914 cum
543 849 577 914 in
611 867 675 929 quo
699 851 920 914 consederant
951 865 1068 930 agrum
1090 847 1277 912 Insubrium
1298 847 1460 927 appellari

224 964 228 971 ’
259 963 443 1045 audissent,
477 961 670 1045 cognomine
693 961 891 1027 Insubribus
921 979 1007 1042 pago
1039 961 1262 1042 Haeduorum,
1294 960 1341 1025 ibi
1364 978 1458 1025 omen

260 1080 440 1157 sequentes
463 1075 527 1140 loci
552 1075 729 1141 condidere
752 1076 883 1154 urbem3
907 1073 1141 1139 Mediolanium
1164 1073 1384 1154 appellarunt.

322 1189 399 1254 Alia
424 1187 564 1254 subinde
588 1206 703 1252 manus
738 1189 997 1254 Cenomanorum
1021 1185 1171 1250 Etitovio
1202 1188 1286 1251 duce
1316 1184 1460 1267 vestigia

261 1301 406 1381 priorum
428 1306 544 1366 secuta
569 1303 682 1367 eodem
706 1301 803 1383 saltu,
819 1299 954 1366 fauente
985 1298 1160 1391 Belloveso
1185 1317 1255 1363 oum
1288 1303 1460 1363 transcen-

262 1413 368 1478 disset
392 1415 505 1496 Alpes,
539 1414 596 1479 ubi
619 1432 706 1479 uuuc
738 1413 853 1478 Brixia
887 1431 926 1476 ac
957 1412 1094 1477 Verona
1112 1412 1222 1477 Aroes
1252 1416 1338 1494 sunt,
1372 1412 1461 1477 locos

262 1531 410 1592 tenuere.
434 1527 534 1592 Libui
558 1526 735 1592 considunt
759 1529 834 1606 post
856 1525 916 1589 bos
940 1523 1154 1605 Salluuiique,
1178 1542 1279 1605 prope
1292 1523 1462 1607 antiquam

263 1644 395 1719 gentem
419 1639 550 1704 Laevos
574 1638 718 1721 Ligures
742 1639 927 1704 incolentes
952 1637 1041 1702 circa
1065 1637 1216 1703 Ticinum
1238 1656 1374 1703 amnem.

324 1750 470 1815 Poenino
506 1750 626 1816 deinde
663 1751 738 1816 Boii
771 1751 1005 1833 Lingonesque
1039 1750 1254 1832 transgressi,
1289 1769 1362 1814 cum
1395 1749 1460 1813 iam

262 1864 351 1927 inter
385 1864 512 1928 Padum
548 1868 650 1942 atque
689 1863 792 1943 Alpes
828 1863 935 1926 onrnia
969 1867 1176 1944 tenerentur,
1210 1864 1301 1927 Pado
1337 1863 1464 1927 ratibus

263 1976 405 2041 traiecto
429 1996 494 2041 non
518 1976 680 2041 Etruscos
702 1979 809 2058 modo,
843 1979 903 2042 sed
927 1977 1027 2041 etiam
1050 1977 1190 2042 Umbros
1214 1994 1295 2058 agro
1320 1976 1448 2056 pellunt
1457 1999 1468 2055 3·

264 2088 354 2154 intra
377 2088 587 2170 Appeninum
611 2093 722 2153 tamen
747 2106 821 2154 sese
845 2093 994 2153 tenuere.

327 2202 408 2266 Turn
433 2200 590 2284 Senones,
622 2201 843 2267 recentissimi
867 2203 1079 2283 advenarum,
1114 2202 1156 2265 ab
1180 2200 1306 2265 Utente
1330 2200 1463 2265 flumine

263 2332 367 2392 usque
391 2316 434 2379 ad
457 2313 571 2378 Aesim
594 2312 677 2378 fines
701 2314 856 2379 habuere.

324 2424 403 2476 Titi
422 2424 503 2479 Livi
524 2424 581 2490 „Ab
600 2424 674 2477 Urbe
695 2423 808 2478 condita
827 2424 908 2478 libri“
937 2432 1003 2477 ante
1023 2438 1124 2477 aunum
1142 2426 1175 2476 27
1195 2440 1218 2477 a.
1239 2423 1301 2477 Chr.
1322 2423 1428 2490 scripti.

222 2563 411 2652 Hercynia
442 2564 547 2632 silva.
580 2605 617 2612 -
646 2563 861 2637 Buiuemum
887 2564 1083 2650 (Brutorum.)
1106 2602 1148 2612 —
1175 2562 1338 2632 Gabreta
1354 2563 1462 2633 silva.

324 2678 498 2744 Meridiem
535 2697 652 2760 versus
690 2683 783 2744 terra
819 2679 980 2760 paulatim
1026 2697 1099 2744 sese
1134 2681 1245 2744 elevat
1280 2683 1315 2743 et
1349 2679 1462 2762 jugum

264 2792 422 2857 montium
444 2791 564 2857 format
587 2791 682 2872 Alpis
696 2793 888 2874 cohaerens
912 2794 998 2872 qnod
1021 2792 1184 2858 orientem
1207 2810 1326 2859 versus
1342 2791 1468 2874 tendit,

266 2905 360 2984 quasi
384 2905 517 2986 Alpium
540 2923 618 2985 pars
644 2909 742 2970 esset.

325 3017 390 3082 Hic
413 3020 513 3082 etiam
547 3020 599 3081 est
622 3017 824 3098 Hercynia
848 3015 955 3081 silva
980 3021 1014 3081 et
1039 3022 1157 3099 gentes
1183 3017 1374 3098 Suevorum,
1409 3016 1465 3096 qui

266 3131 386 3211 partim
398 3130 487 3194 intra
499 3131 584 3194 lianc
597 3129 713 3195 silvam
729 3129 891 3195 habitant.
915 3131 1014 3210 Apud
1026 3149 1108 3209 quos
1122 3129 1222 3194 etiam
1242 3129 1467 3195 Bniaemum

266 3244 442 3324 reperitur,
465 3242 832 3325 regalisldarobodi
856 3244 980 3325 sedes,
1001 3243 1035 3307 in
1048 3261 1145 3322 ouem
1164 3243 1270 3307 locum
1282 3242 1371 3307 inter
1395 3260 1467 3307 cae-

266 3362 358 3421 teros
382 3356 464 3422 alios
488 3355 679 3420 nominatim
702 3354 924 3420 transtulerat
948 3361 983 3420 et
1006 3355 1254 3420 connationales
1272 3373 1357 3437 suos,
1381 3356 1468 3419 Mar-

270 3486 431 3533 comanos.
455 3468 554 3552 (290).
1261 3549 1263 3555 A

330 3581 376 3646 At
408 3586 526 3664 gentes
560 3580 742 3645 Suevorum
777 3579 940 3660 habitant,
976 3584 1013 3643 ut
1048 3580 1180 3663 dictum,
1215 3580 1335 3673 partim
1369 3579 1468 3662 intra,
1520 3650 1522 3654 ,

272 3693 393 3775 partim
417 3698 513 3758 extra
536 3693 654 3758 silvam
677 3710 781 3770 usque
805 3693 847 3756 ad
871 3690 985 3757 Getae.
1010 3693 1107 3776 1290).
1181 3722 1184 3729 ·

334 3806 538 3887 Hercynia
561 3804 666 3871 silva
690 3810 741 3870 est
765 3805 973 3887 satisdensa,
996 3805 1124 3887 maguis
1148 3804 1322 3870 arboribus
1334 3805 1472 3887 repleta,

272 3919 570 4002 complectiturque
607 3917 688 3983 locis
725 3922 847 3982 natura
881 3916 982 3981 firmis
1016 3918 1175 3982 ambitum
1210 3922 1262 3983 sat
1296 3937 1469 3999 magnum,

273 4032 306 4097 in
331 4033 424 4114 qu‘us
447 4032 553 4097 medio
573 4033 665 4114 jacet
688 4035 780 4096 terra
803 4032 888 4095 bene
910 4030 1147 4112 inhabitabilis
1171 4033 1211 4095 de
1236 4049 1300 4110 qua
1320 4032 1388 4114 jam
1418 4049 1468 4096 re-

273 4145 408 4210 tulimus
421 4147 516 4228 (290).
542 4144 604 4228 Qui
616 4145 682 4210 iter
693 4143 812 4209 fecerit
829 4145 870 4208 de
884 4143 993 4208 Gallia
1005 4144 1047 4207 ad
1069 4143 1209 4208 silvam
1221 4137 1481 4225 Hercyniam,

275 4258 306 4322 ei
323 4258 424 4338 primo
448 4255 827 4340 lacumlssrigantinum)
850 4255 1007 4337 transire,
1029 4260 1147 4336 postea
1170 4255 1292 4322 Istrum
1315 4255 1473 4339 trajicere

275 4375 415 4452 oportet,
439 4370 579 4434 ulterius
603 4387 663 4450 per
685 4369 857 4434 territoria
876 4370 944 4452 jain
974 4367 1104 4434 facilius
1137 4369 1262 4450 pervia,
1296 4373 1469 4433 montanas

253 4469 255 4474 ’
276 4482 431 4563 planities
455 4500 647 4564 peragram,
670 4481 735 4546 iter
758 4484 801 4545 ad
824 4481 940 4547 silvam
964 4480 1160 4545 continuare
1183 4480 1315 4560 poterit.

337 4595 418 4659 Post
452 4593 642 4658 Vindelicos
677 4597 863 4673 sequuntur
886 4594 1047 4659 orientem
1072 4611 1190 4658 versus
1215 4593 1325 4658 Norici
1360 4598 1395 4659 et
1419 4612 1469 4658 so-

221 4728 222 4733 *
276 4707 435 4772 litudines
458 4706 613 4770 Boiorum
636 4709 807 4786 usquead
829 4708 1015 4771 Pannoncs

1372 4827 1402 4880 Ι*
