3278 5332
726 427 919 487 -132-

198 627 390 701 Sedlecko.
414 629 599 716 (Sedlecko,
623 630 691 697 Plz.
716 630 801 716 388.)

303 749 396 811 1181.
419 745 504 812 Oacc
529 763 636 811 comes
660 746 701 810 de
724 743 900 811 Zeleznice
924 744 966 810 de
988 742 1128 826 pecunia
1145 762 1205 825 pro
1222 741 1309 811 villis
1324 741 1439 808 Bieow

238 863 273 924 et
296 857 508 924 Wilceoowa
530 857 691 924 fratribus
712 857 928 923 Plasensibus
942 862 1083 939 accepta
1096 855 1267 938 praedium
1279 857 1443 936 quoddam

238 989 321 1036 nom.
344 970 504 1037 Zedlesco
528 970 563 1036 in
586 989 665 1036 usus
689 989 767 1036 suos
791 970 1004 1052 comparavit.

198 1159 372 1230 Sedlisde
398 1161 555 1245 (Sentisne
579 1163 671 1227 stare
694 1161 705 1225 i
728 1164 822 1244 nove,
846 1161 915 1227 Piz.
939 1161 1025 1243 397.)

302 1280 394 1340 1176.
429 1275 607 1341 Sobdslaus
636 1275 679 1340 Π.
713 1294 796 1341 mon.
819 1275 978 1341 Kladrub.
1002 1273 1143 1339 tradidit
1166 1276 1264 1355 prata
1299 1271 1333 1337 in
1357 1272 1441 1353 loco,

239 1386 296 1469 qui
319 1387 450 1455 dicitur
463 1386 637 1470 Zedlissie,
661 1407 702 1453 ex
713 1391 856 1467 utraque
880 1391 976 1468 parte
999 1385 1141 1451 fluminis
1167 1385 1308 1469 integre.

197 1574 307 1648 Sedlo
329 1576 435 1647 novd.
460 1577 499 1662 (1)
686 1651 687 1654 ¹

303 1695 483 1756 1061-86.
507 1689 710 1756 Wratislaus
733 1691 776 1756 Π.
800 1711 884 1757 mon.
908 1689 1039 1758 Ostrov.
1063 1689 1156 1755 dedit
1172 1689 1285 1754 villam
1301 1707 1442 1772 quoque,

241 1822 326 1884 quae
350 1803 474 1870 dicitur
497 1803 591 1869 Noue
615 1803 723 1869 Sedlo.

196 1992 306 2064 Sedlo
330 1992 442 2063 81816.
467 1993 579 2080 (Sedlo
603 1994 954 2076 stare=A1osmtet
978 1995 1046 2060 Plz.
1070 1992 1156 2078 403.)

303 2112 386 2173 1183
410 2107 507 2175 villas
531 2109 695 2188 quondam
718 2109 760 2172 ad
784 2106 907 2173 Sathec
938 2107 1156 2189 pertinentes,
1185 2104 1334 2190 jamdiu
1368 2104 1442 2171 fere

239 2222 406 2286 desertas:
429 2221 532 2286 Ztare
554 2219 665 2302 Zedlo,
688 2219 883 2287 Friderieus
907 2223 974 2285 dux
997 2238 1056 2301 pro
1080 2217 1234 2284 Borislau
1258 2217 1439 2283 (16111111-

238 2333 347 2401 tribus
370 2333 545 2415 hospitalis
568 2333 600 2399 S.
623 2332 764 2400 ioannis
787 2333 880 2398 Hier.
914 2371 956 2379 —-
993 2337 1085 2398 1185.
1111 2332 1257 2415 Quarum
1284 2331 1439 2398 vfflarum

238 2447 327 2513 culta
352 2451 386 2513 et
408 2447 534 2512 inculta
557 2445 697 2528 ipsemet
720 2464 880 2526 praesens
891 2445 948 2511 Fr.
980 2447 1046 2509 dux
1070 2443 1210 2509 circuire
1232 2442 1313 2509 fecit
1338 2443 1440 2511 Gron-

235 2562 356 2642 natam,
380 2577 539 2625 summum
563 2559 676 2624 curiae
699 2561 902 2640 venatorem,
925 2577 1022 2638 quam
1046 2556 1274 2622 circuitionem
1300 2556 1438 2638 „iheru-

240 2674 361 2740 salem“
387 2671 499 2741 vocari
523 2671 704 2753 praecepit.

195 2861 305 2932 Sedlo
329 2860 442 2930 stare.
466 2860 873 2948 (Sedl0=8ano1,nok.
896 2859 985 2946 426.)

302 2979 512 3057 1115,1186.
547 2975 747 3041 Wladislaus
782 2975 825 3040 Π.
858 2973 966 3040 domui
1000 2973 1159 3062 Kledrub.
1185 2973 1287 3039 'dedit
1322 2973 1441 3038 silvam

240 3089 329 3155 inter
351 3090 458 3156 Msam
482 3091 516 3154 et
539 3088 710 3171 Msickam,
735 3088 884 3169 exceptis
900 3087 969 3152 XII
994 3085 1098 3152 villis:
1124 3087 1175 3151 Na
1188 3089 1315 3151 ztarem
1327 3086 1441 3168 Zedle,

239 3202 337 3271 Stare
361 3202 463 3269 zedlo.

195 3388 353 3460 Selmici.
377 3389 543 3476 (Selmice,
567 3391 686 3458 Ohrud.
715 3392 795 3470 166.)

301 3504 536 3570 1142.D0n1ui
560 3502 752 3570 Sedlecensi
776 3521 796 3566 a
826 3501 930 3582 primo
961 3500 1165 3567 fundationis
1200 3501 1339 3573 exordio,
1366 3521 1441 3584 pos·

239 3617 404 3682 sessiones
429 3616 571 3683 collatae
595 3619 672 3682 sunt
695 3635 715 3680 a
738 3615 895 3682 Miroslao
918 3614 1110 3681 fundatore:
1135 3614 1285 3698 Selmice,
1315 3615 1442 3682 Hotho-

239 3728 313 3812 vici,
336 3729 517 3795 Podolsani
539 3734 603 3795 etc.

195 3918 378 4007 Senjaoin.
401 3895 775 4003 (Senetin=i'JJezdeo,
798 3897 883 3984 Cast
909 3922 991 4000 190.)

302 4037 395 4098 1130.
419 4033 595 4099 Sobeslaus
618 4032 644 4097 Ι.
668 4050 734 4098 ecc.
758 4031 975 4112 Wyssegrad.
1005 4030 1163 4096 ambitum
1186 4034 1350 4111 quendam
1377 4032 1440 4100 Se-

239 4147 338 4213 nacin
361 4165 444 4211 nom.
469 4145 593 4211 dictum
617 4165 689 4211 cum
712 4144 821 4211 tribus
845 4143 969 4209 aratris
994 4146 1027 4208 et
1051 4142 1200 4209 omnibus
1233 4144 1440 4226 appenditiis

238 4278 283 4326 sc.
306 4258 501 4341 hospitibus
525 4257 695 4340 aedificiis
719 4256 820 4323 terris
846 4256 945 4321 cultis
971 4260 1004 4320 et
1027 4256 1173 4338 incultis
1196 4256 1260 4324 viis
1275 4261 1309 4322 et
1329 4257 1444 4341 inviis,

238 4371 380 4454 pascuis,
415 4371 508 4439 silvis
532 4371 634 4437 aridis
659 4376 693 4436 61
725 4367 920 4450 virentibus
951 4368 1196 4450 venationibus
1230 4369 1438 4454 molendinis,

238 4483 478 4567 piscationibus
503 4488 633 4550 etcum
657 4482 744 4548 omni
774 4480 923 4546 utilitate
954 4479 989 4545 in
1015 4482 1071 4564 jus
1102 4481 1243 4546 fratrum
1276 4483 1443 4551 tradendo

238 4595 347 4662 firmat
372 4601 406 4665 et
428 4596 587 4663 firmando
610 4595 725 4662 tradit.
