3278 5332
753 563 794 571 -
818 525 935 591 XXVI
958 563 1000 571 —-

296 754 361 801 non
376 724 536 799 modiciun
551 734 790 800 discordiarum
815 737 849 799 et
872 732 1072 799 defectionis
1084 732 1239 814 praebuit
1254 733 1507 799 incrementum.
1577 774 1581 781 -

278 849 378 913 Nam
404 851 438 912 et
472 846 643 912 Behemi
671 864 691 909 a
721 845 885 911 fidelitate
918 845 1043 910 diutius
1080 846 1247 911 custodita
1280 849 1502 943 recesserunt7

298 964 333 1024 et
344 959 545 1025 Zuentibold
561 976 607 1023 ex
623 957 853 1040 adjectione
869 957 1043 1023 alterius
1059 959 1175 1040 regni
1190 958 1281 1026 vires
1298 977 1363 1024 non
1378 977 1502 1043 parvas

297 1073 361 1140 sibi
384 1072 569 1139 accessisse
593 1070 752 1152 sentiens,
790 1069 881 1135 fastu
912 1068 1089 1150 superbiae
1119 1069 1263 1152 inflatus,
1299 1075 1416 1137 contra
1439 1072 1500 1137 Ar·

298 1185 424 1251 nulfum
446 1182 854 1274 rebellavitheginonis
879 1182 1011 1266 Chrcn.)

253 1372 485 1448 Boemannii

354 1492 426 1552 895.
451 1487 621 1553 Mediante
644 1505 757 1553 mense
780 1488 803 1552 J
805 1488 871 1554 ulio
894 1488 1045 1554 habitum
1063 1493 1115 1554 est
1131 1492 1213 1555 urbe
1230 1488 1424 1553 Radisbona
1442 1507 1497 1570 ge·

293 1600 407 1666 nerale
442 1604 655 1679 conventuum
678 1600 725 1665 ibi
749 1601 790 1665 de
814 1600 1029 1666 Sclavenia
1054 1619 1168 1666 omnes
1191 1603 1293 1667 duces
1317 1602 1500 1665 Boeman-

297 1714 456 1795 nicrum⁷
481 1731 563 1792 quos
586 1711 826 1778 Zuentibaldus
851 1716 959 1795 duna
976 1714 1142 1779 consortio
1164 1718 1198 1779 et
1214 1718 1386 1795 potestate
1404 1713 1501 1778 Baio-

297 1825 387 1891 rieae
422 1825 532 1908 gentis
568 1826 715 1905 pervim
741 1828 864 1890 dudum
898 1815 1086 1893 divellenda
1122 1828 1317 1892 detraxerat
1350 1827 1501 1911 (quorum

296 1937 457 2020 primores
490 1941 587 2002 erant
619 1936 882 2021 Spytignewo,
913 1938 1099 2024 Witisla)‚
1124 1942 1166 2005 ad
1190 1958 1301 2022 regem
1325 1940 1499 2007 venientes

298 2056 332 2117 ct
362 2049 540 2116 honorifice
566 2052 607 2115 ab
640 2069 677 2116 eo
702 2051 829 2132 recepti
851 2070 912 2132 per
935 2071 1059 2134 manus,
1086 2057 1184 2133 prout
1207 2072 1276 2118 mos
1300 2058 1361 2136 est,
1385 2054 1499 2137 regiae
1527 2094 1531 2102 -

296 2164 459 2245 potestati
482 2162 715 2229 reconciliatos
740 2182 776 2228 se
800 2164 1027 2230 subdiderunt.
1054 2163 1151 2250 (Ann.
1175 2165 1284 2251 Fuld.)

258 2350 479 2421 Behemitae.
1108 2436 1111 2441 ³

349 2471 428 2530 ⁴896.
463 2466 622 2548 Contigit,
657 2470 694 2530 ut
728 2466 863 2549 gentis
895 2467 1189 2533 Beliemitarum
1221 2469 1323 2534 duces
1357 2470 1400 2534 ad
1423 2468 1498 2550 imp.

296 2577 481 2661 Amulium,
504 2579 560 2658 qui
583 2583 664 2644 tunc
687 2579 881 2645 Radisbona
904 2583 986 2646 urbe
1015 2583 1162 2645 moratus
1187 2583 1249 2662 est,
1282 2582 1501 2672 devenerunt,

298 2689 475 2756 offerentes
500 2691 530 2756 ei
554 2710 692 2757 iocinera
716 2691 810 2774 regia
834 2696 868 2757 et
893 2711 953 2756 sua
978 2710 1175 2771 suorumque
1207 2674 1352 2758 fidelium
1383 2691 1498 2758 suffra-

298 2804 352 2886 gia
376 2809 493 2869 contra
524 2824 636 2870 eorum
658 2804 807 2870 inimicos
831 2805 1061 2870 Marahabitas
1085 2805 1304 2888 postulantes
1336 2791 1501 2886 aquibus
1565 2812 1568 2816 ’

298 2920 368 2980 tum
392 2911 502 2998 saepe,
525 2923 562 2982 ut
585 2918 650 2999 ipsi
673 2917 848 2984 testificati
880 2922 968 2999 sunt,
992 2900 1167 2983 durissime
1192 2917 1502 2999 comprimebantur.

298 3030 389 3095 Duos
414 3049 493 3112 ergo
518 3032 619 3095 duces
643 3048 703 3094 rex
726 3030 800 3111 imp.
825 3029 973 3112 gratuito
997 3029 1192 3112 suscipiens,
1223 3031 1391 3109 verbaque
1423 3049 1498 3095 con-

297 3141 470 3208 solationis
514 3161 626 3208 eorum
656 3142 849 3224 pectoribus
872 3140 1122 3206 habundantius
1153 3141 1306 3224 inseruit,
1331 3146 1365 3206 et
1397 3142 1500 3207 laeta-

303 3256 429 3337 bundos
462 3258 611 3335 donoque
641 3257 829 3337 honoratos,
862 3252 1004 3335 patriam
1038 3253 1189 3319 insuam
1214 3254 1500 3335 abirepermisit3

297 3372 472 3448 totumque
495 3368 582 3434 illius
606 3369 685 3434 anni
708 3373 837 3448 tempus
862 3365 1052 3430 autumnale
1075 3364 1222 3431 finitimis
1247 3366 1281 3430 in
1304 3366 1384 3431 locis
1407 3366 1498 3446 aqui·

295 3480 459 3546 lonalibus
490 3481 636 3546 Danubii
668 3481 852 3560 Imbrisque
882 3478 1045 3543 fluminis¹
1067 3496 1140 3543 sese
1179 3479 1395 3561 sustentavit⁷
1434 3480 1498 3544 hac

298 3593 397 3657 etiam
421 3592 616 3676 intentione,
639 3598 677 3658 ut
700 3593 728 3658 si
752 3593 964 3673 supradictae
988 3592 1081 3674 genti
1106 3591 1291 3657 necessitas
1315 3592 1429 3656 auxilii
1446 3591 1497 3656 sui

298 3705 492 3790 immineret,
515 3710 653 3788 paratus
678 3726 751 3772 cum
775 3706 842 3771 suis
865 3705 1017 3770 fidelibus
1041 3703 1213 3771 existeret.
1236 3704 1310 3789 (lb.)

258 3893 491 3964 Boemannia.

357 4014 429 4074 900.
438 4007 566 4074 Baiarii
577 4027 638 4089 per
650 4008 933 4086 Boemanniam,
946 4005 1028 4087 ipsis
1042 4024 1154 4071 secum
1164 4004 1498 4090 assumptio,regnum

297 4122 516 4204 Maravcrum,
545 4131 665 4186 cuncta
698 4119 852 4186 incendio
876 4137 937 4200 per
958 4122 1030 4184 tres
1047 4120 1246 4185 ebdomadas
1271 4121 1499 4202 devastantes,

297 4234 507 4315 inruperunt;
541 4232 675 4298 tandem
711 4251 784 4297 cum
814 4231 901 4296 cmm
941 4231 1164 4313 prosperitate
1202 4234 1330 4298 domum
1372 4231 1499 4301 reversi

298 4351 384 4412 sunt.
407 4345 483 4432 (Ib.)
