3278 5332
745 519 918 581 ..21⁸-

208 717 375 829 Bydiov.
399 723 555 805 (Bydioa
577 724 679 806 Bydi.
705 725 787 806 na)

315 857 407 918 1186.
430 852 590 937 BuitsoW,
613 853 670 920 ubi
682 858 811 936 partem
826 854 972 921 habebat
986 855 1150 938 hospitale
1167 855 1198 923 S.
1214 856 1335 923 Joann.
1350 855 1453 939 Hier,
1554 889 1557 893 ·
1587 870 1591 874 '
1607 890 1610 933 ;

252 966 365 1030 datam
396 983 416 1030 a
448 967 581 1050 Bogusa
612 985 671 1048 pro
703 966 812 1032 anima
843 967 903 1033 filii
933 967 985 1035 sui
1017 970 1157 1053 Boguse.
1196 970 1292 1036 Hane
1324 973 1453 1052 partem

252 1077 384 1161 accepit
432 1078 563 1146 Primis]
601 1080 707 1145 frater
752 1079 917 1147 Friderioi
955 1081 1048 1148 ducis
1086 1101 1145 1164 pro
1190 1084 1318 1149 duabus
1364 1081 1454 1149 villis
1590 1069 1600 1107 ⁵

246 1191 404 1276 Quastiei
427 1211 529 1274 super
551 1192 708 1277 Medhuje
731 1198 766 1260 et
789 1194 876 1260 Ples
1606 1198 1610 1209 ’

206 1405 349 1497 Bykes.
373 1409 507 1496 (Bykes,
530 1412 605 1477 Ber.
629 1411 715 1496 273.)

309 1541 363 1607 Oa.
404 1544 496 1606 1172.
534 1519 635 1606 desta
672 1540 760 1607 filius
794 1543 957 1622 quondam
988 1541 1115 1626 Vojslai
1148 1540 1326 1608 camerarii
1357 1540 1448 1625 regis
1549 1556 1562 1629 ζ

250 1653 383 1720 custodi·
416 1653 586 1734 sepulchri
622 1654 653 1719 S.
685 1653 876 1720 Wenoeslai
907 1653 942 1719 in
974 1659 1084 1721 oestro
1119 1654 1284 1738 Pragensi
1320 1654 1449 1721 confert

248 1765 360 1833 villam
391 1766 527 1833 Bikkos
559 1805 602 1814 —
638 1773 728 1833 1227.
751 1766 895 1833 Donatio
928 1770 969 1831 ad
1002 1767 1162 1850 capellam
1194 1768 1226 1834 S.
1257 1767 1449 1835 Wenoeslai

249 1879 405 1963 martyris
429 1880 609 1963 pertinens,
633 1882 674 1947 de
697 1898 783 1961 quae
807 1884 918 1947 eustos
944 1881 1091 1965 ejusdem
1112 1880 1227 1946 valeat
1242 1880 1447 1947 sustentari:
1530 1934 1533 1941 .
1564 1938 1568 1943 .

246 1993 286 2058 In
308 1991 389 2059 villa
422 1992 542 2059 Biehos
576 1993 668 2060 ouria
700 2013 774 2060 oum
805 1993 1015 2075 possessione
1047 1996 1081 2060 et
1113 1995 1191 2059 dote
1223 1995 1266 2059 ad
1297 1996 1450 2060 aratrum
1537 1986 1538 1991 ’
1572 2046 1586 2077 „

246 2104 436 2188 pertinente
471 2111 504 2173 et
536 2107 584 2173 IV
626 2105 811 2189 hospitibus
845 2111 879 2172 et
912 2112 993 2174 orto.
1026 2145 1069 2154 -
1102 2112 1194 2173 1229.
1226 2106 1446 2173 Weneeslaus

212 2252 215 2259 ·
243 2216 356 2302 junior
389 2238 451 2285 rex
483 2219 611 2286 confert
649 2220 825 2301 sepulchro
857 2222 887 2286 b.
925 2224 1019 2285 mart.
1057 2218 1249 2293 Wenreslai
1286 2222 1446 2299 quasdam

246 2331 472 2412 possessiones
506 2333 540 2398 in
563 2332 644 2399 villa
667 2332 779 2416 Bikoa
803 2351 876 2399 oum
899 2333 1014 2417 pratis,
1047 2332 1150 2418 silvis,
1173 2332 1349 2416 montanis,
1372 2352 1474 2399 eon„

237 2443 397 2528 ¹vallibus,
420 2444 501 2512 rivis
527 2449 561 2511 et
591 2445 665 2511 aliis
700 2445 747 2512 eis
779 2445 978 2529 attinentiis,
1013 2447 1162 2529 exeeptis
1185 2445 1309 2513 nostris
1342 2445 1443 2512 foeni-

246 2557 440 2626 seotoribus.
1365 2574 1366 2579 ’

203 2747 306 2818 Bzid.
344 2800 350 2814 .

307 2748 399 2929 185.
423 2861 627 2929 Wladislaus
651 2863 677 2929 I.
700 2881 784 2931 mon.
807 2861 968 2930 Kladrub.
998 2863 1142 2931 contulit
1171 2863 1270 2930 villas
1302 2868 1447 2944 quatuor

243 2975 348 3043 Bzini.
988 2998 990 3007 “
1478 2976 1480 2980 '

201 3191 415 3264 Cerekvioe.
439 3192 645 3279 (Cerekviee,
668 3193 788 3260 Ohrud.
814 3192 900 3280 178.)

303 3329 394 3390 1167.
429 3323 633 3389 Wladislaus
656 3324 699 3389 H.
717 3342 805 3410 onon.
829 3325 1010 3408 Lutomysl.
1034 3322 1127 3390 dedit
1160 3322 1346 3391 Snabenioe
1370 3343 1444 3391 eum

237 3437 370 3504 flumine
400 3439 559 3504 Deznaa
590 3442 699 3519 ponte,
731 3435 788 3517 qui
811 3441 863 3503 est
895 3436 929 3501 in
960 3435 1085 3520 Longis
1108 3436 1224 3520 pratiS,
1256 3455 1362 3517 usque
1395 3439 1439 3503 ad
1509 3492 1513 3507 ,

240 3550 353 3618 villain
391 3550 582 3633 Cerekvioe
618 3555 653 3617 et
676 3550 793 3618 silvam
827 3553 932 3616 totam
955 3568 1041 3630 quae
1064 3549 1187 3616 dieitur
1209 3549 1371 3617 Proznie'e
1404 3555 1439 3618 et

239 3666 377 3730 Prozna.
399 3702 442 3711 -
465 3662 647 3730 Cerekvioe
671 3682 744 3729 eum
766 3662 899 3729 flumine
923 3666 958 3729 et
980 3662 1065 3729 silva
1099 3681 1201 3730 nurus
1225 3663 1324 3747 regis,
1356 3682 1439 3730 uxor

238 3776 412 3860 Frideriei‚
434 3776 572 3844 lieentia
593 3776 684 3859 regis
708 3776 815 3843 eidem
838 3776 1000 3843 ecelesiae
1024 3775 1173 3843 eontulit.

195 3992 340 4065 Cidlina
362 3992 493 4064 amnis.

297 4124 509 4192 Slavnikonis
534 4124 626 4191 ducis
658 4123 849 4207 metropolis
880 4123 945 4190 fuit
967 4123 1082 4208 Lubie,
1117 4123 1185 4190 sita
1208 4123 1241 4189 in
1264 4124 1344 4207 loeo,
1378 4123 1436 4191 ubi
1490 4129 1492 4132 ⁴
1556 4192 1583 4210 „

237 4239 341 4305 amnis
365 4237 505 4322 Cydlina
528 4257 646 4305 nomen
669 4237 780 4320 perdit
803 4257 907 4322 suum,
930 4237 1060 4304 intrans
1084 4235 1249 4304 liberioris
1272 4256 1380 4318 aquae
1402 4236 1437 4302 in

235 4353 373 4420 fluvium
394 4354 496 4419 Labe.
520 4350 652 4437 (Oosm.)

299 4488 388 4548 1110.
413 4481 478 4567 Qui
490 4481 625 4564 (Boemi)
649 4483 828 4549 occurrunt
841 4479 889 4547 eis
906 4477 1065 4565 (Polonis)
1082 4496 1124 4544 ex
1138 4478 1204 4544 ista
1220 4483 1317 4560 parte
1332 4479 1437 4546 amnis

237 4595 377 4680 Oydlina
387 4596 483 4681 juxta
506 4614 636 4680 pagum,
660 4594 715 4676 qui
740 4591 863 4661 dioitnr
885 4591 1018 4659 Ludiea.
1040 4589 1174 4674 (Cosm.)
1201 4591 1282 4658 Cum
1304 4629 1347 4640 -
1370 4594 1432 4660 Bo·

235 4710 359 4786 leslaus
397 4709 541 4783 Polonus
576 4747 618 4758 -
652 4707 753 4782 fluvio
788 4706 927 4797 cuidam,
962 4725 1028 4778 non
1062 4725 1181 4796 magno
1216 4704 1349 4793 quiden
1376 4710 1437 4780 sed
