3278 5332
718 561 891 622 ..74-

239 764 387 846 deceptis
410 767 452 832 ub
476 766 598 831 abbate
631 765 735 842 XXII
763 765 883 833 mareis
915 768 950 834 et
983 764 1119 846 praedio
1154 762 1330 829 Thisehow
1362 778 1440 829 eun-

239 877 420 944 firmerunt.
1340 880 1342 885 ’

162 1163 166 1168 ⁸
195 1065 391 1138 Lumuziei.
415 1054 620 1152 (LemuzieeJ
635 1053 706 1136 ite.
730 1070 794 1155 35.)

275 1181 278 1190 ¹
299 1181 353 1248 Oa.
380 1185 462 1247 1088
478 1181 513 1248 in
527 1199 619 1264 prov.
633 1183 747 1249 Satee:
771 1182 992 1250 Oleumazieih
1016 1188 1110 1249 terre
1129 1182 1209 1249 edel.
1225 1182 1440 1266 Wyssegred.

240 1296 284 1362 ed
306 1299 464 1376 aratrum,
488 1312 561 1361 eum
583 1294 811 1378 ministeriale,
834 1296 891 1377 qui
914 1295 1038 1363 dieitur
1061 1296 1209 1378 pkelnik.
1400 1303 1406 1309 “

195 1481 367 1554 [romulee
390 1482 582 1556 circuitus.
606 1486 807 1576 (lumnidke,
831 1487 900 1553 Plz.
922 1487 1009 1572 408.)

300 1601 392 1664 1175.
431 1599 608 1666 Sobesluus
643 1599 687 1665 lI.
722 1601 824 1666 dunat
855 1617 940 1666 mon.
973 1600 1060 1666 Plas.
1096 1600 1270 1667 circuitum
1308 1601 1441 1668 nomine

237 1711 393 1778 Lemniee
418 1716 452 1778 et
475 1711 557 1776 Luti
579 1729 653 1777 eum
676 1712 745 1777 suis
769 1713 875 1795 pratis
900 1717 935 1778 et
958 1712 1062 1810 equid
1125 1704 1128 1711 ¹
1240 1704 1241 1709 ’

11 1902 15 1909 “
142 1935 148 1944 -
196 1898 327 1989 Longa
348 1895 486 1988 urutu.¹

300 2018 392 2082 1167.
416 2016 626 2082 Praedielum
656 2035 729 2082 eum
759 2016 892 2083 flumine
915 2017 1040 2101 Dezne,
1073 2038 1093 2083 e
1117 2019 1237 2094 Lubne
1260 2021 1438 2106 usquead

237 2129 459 2213 pontemqui
481 2135 534 2195 est
556 2130 591 2196 iu
621 2130 745 2215 Longis
769 2129 884 2212 pratis.
918 2168 961 2176 —
994 2121 1179 2198 Suebeuiee
1202 2150 1276 2201 eum
1306 2131 1438 2198 flumine

237 2245 351 2310 Desna
373 2263 394 2309 a
417 2248 527 2327 ponte,
550 2243 607 2324 qui
629 2244 739 2311 estin
762 2244 888 2328 Longis
910 2245 1155 2337 pretiumque
1178 2247 1220 2310 ed
1244 2243 1355 2312 villam
1379 2248 1438 2313 Ge-

238 2353 384 2424 rekviee.

212 2444 213 2447 ¹
298 2467 453 2524 Hodieduru
474 2464 695 2543 „Dluihdslrukff
716 2468 792 2524 intre
808 2467 1014 2536 eiv.Lutomydl
1040 2475 1070 2522 et
1088 2468 1184 2524 villum
1203 2470 1362 2526 Cerekviee.

197 2639 379 2712 heseniei.
419 2641 435 2708 7

301 2642 604 2823 1052.(Β)1611811.ηε
627 2757 652 2823 1.
676 2757 755 2823 ecel.
768 2755 938 2823 'Bolesleu
956 2755 1095 2823 donavit
1117 2757 1442 2856 LoseuieigPosdilg

239 2869 344 2936 Zuest
366 2887 439 2936 eum
462 2868 528 2936 filio
553 2869 674 2952 Musik‚
698 2868 754 2950 qui
778 2869 862 2935 corti
886 2868 1035 2949 quotidie
1057 2869 1254 2937 inserviant.

198 3057 381 3130 Lovoslei.
405 3060 588 3144 (Louosiee,
612 3059 678 3126 Lit.
700 3059 768 3145 48.)

301 3177 384 3239 1145
407 3176 475 3239 dux
497 3173 605 3239 Wlud.
629 3172 655 3238 I.
678 3173 772 3239 dedit
794 3191 878 3238 men.
902 3173 1056 3240 Strahow
1078 3171 1190 3241 villum
1217 3165 1441 3258 „Lewossieih
1469 3230 1471 3235 .

240 3305 313 3352 eum
335 3287 409 3352 luce
433 3306 498 3353 uno
522 3288 573 3352 Ne
595 3285 805 3367 konupniei“.

197 3449 333 3522 Loziei.
357 3453 502 3536 (Luziee
525 3453 646 3526 Ohrud.
674 3450 757 3536 172.)

303 3568 394 3631 1131.
417 3566 538 3632 Villam
561 3565 663 3631 Lozie
695 3565 870 3648 episeopus
893 3564 1069 3649 Hemieus,
1100 3566 1157 3646 qui
1180 3569 1215 3631 et
1236 3566 1332 3649 zdik,
1368 3566 1442 3632 Olo·
1484 3544 1486 3549 ¹

240 3678 406 3745 murensis
429 3679 509 3746 emit
532 3684 567 3745 et
589 3678 683 3746 dedit
704 3679 736 3746 S.
761 3677 960 3746 Weneesleo
982 3679 1003 3746 i.
1027 3696 1054 3744 e.
1078 3678 1243 3745 ecelesiae
1260 3679 1442 3761 episcopali

242 3791 460 3858 Olumueensi.
484 3829 524 3838 -
552 3796 643 3858 1167.
667 3790 870 3863 wladislaus
893 3791 937 3856 Π.
959 3809 1019 3858 rex
1045 3790 1190 3874 „invilla
1211 3791 1331 3858 Loriu‘
1350 3791 1444 3860 dedit

242 3891 442 3972 munasterio
465 3902 710 3988 Litumydlensi,
746 3902 922 3986 „quiequid
952 3903 1008 3970 vel
1040 3902 1136 3969 Sdieo
1172 3903 1272 3985 epise.
1307 3911 1443 3988 emeret,

239 4019 294 4086 vel
317 4021 405 4099 quod
427 4018 575 4084 homines
605 4018 673 4084 vim
707 4017 968 4084 castellanorum
990 4015 1081 4082 ferre
1104 4035 1170 4083 nun
1192 4017 1356 4101 valenter,
1382 4016 1441 4084 ‘de-

240 4137 366 4199 sertum
389 4131 629 4212 reliquerunt“.

199 4290 334 4383 qubm'⁷
356 4292 507 4364 rivulus
529 4294 623 4381 (ville
639 4294 770 4376 Lubny,
794 4294 914 4362 Ohrud.
940 4292 1027 4380 177.)
1147 4282 1148 4286 ’

303 4413 397 4475 1167.
431 4391 635 4476 Wladisleus
672 4408 715 4473 II.
749 4425 833 4474 mon.
868 4407 1049 4489 Lutomydl.
1083 4406 1225 4473 cuntulit
1259 4408 1444 4493 circuitum,

242 4523 299 4603 qui
330 4523 455 4589 dieitur
487 4521 539 4588 Ne
573 4521 714 4603 lubnem,
747 4540 820 4587 eum
854 4520 961 4603 pratis
995 4539 1038 4587 nu
1072 4519 1240 4587 Polidkeh.
1278 4557 1320 4567 -
1360 4524 1441 4590 1167

241 4634 361 4716 flumen
384 4635 544 4702 Dezneu
573 4635 692 4704 Lubna
715 4652 821 4719 usque
849 4637 893 4703 ud
926 4639 1069 4720 pentem,
1092 4634 1149 4715 qui
1179 4637 1232 4703 est
1256 4634 1291 4703 in
1315 4635 1441 4722 Longis

241 4748 356 4836 pretie
