3278 5332
697 461 889 521 „144-

235 665 320 732 silva
343 683 427 744 quae
460 665 639 749 interjacet
675 664 765 730 inter
794 666 1029 731 Oaslauensem
1064 669 1098 731 et
1132 664 1328 731 Brinensem
1364 682 1439 747 pro÷

234 779 387 860 vinciam,
421 779 456 843 in
481 779 574 862 eujus
599 783 694 860 parte
718 779 916 844 habitabant
939 778 1095 860 homines,
1134 779 1190 859 qui
1213 780 1313 862 vulgo
1337 783 1440 861 atrae,

235 909 371 971 quorun
393 895 467 956 erat
492 889 634 955 officium
658 893 825 971 quandam
848 891 936 958 viam
959 892 1135 958 custodire.
1167 931 1210 939 -
1242 891 1336 958 Saea.
1359 891 1438 958 XII.

234 1002 360 1085 Strabo,
383 1007 473 1068 meta
496 1021 582 1084 poss,
606 1002 749 1069 Orawar.

73 1211 76 1224 ²
194 1191 389 1263 Stratibbe.
412 1194 598 1278 (Straiibte,
622 1194 798 1277 Straoiota
821 1195 889 1260 Plz.
913 1195 999 1279 407.)

297 1307 351 1371 Ca.
378 1311 467 1372 1193.
490 1307 613 1373 Dbtleb
636 1307 722 1373 filius
747 1307 923 1389 Gumpoldi
945 1313 1016 1374 tres
1040 1307 1136 1374 villas
1149 1328 1232 1375 mon.
1258 1308 1347 1375 Plaa
1361 1329 1437 1376 oon-

237 1419 329 1484 tulit:
354 1418 528 1501 Strasisoe⁷
554 1419 713 1502 Ueniliae,
739 1420 933 1503 Soernogat.

194 1607 403 1677 Strnovnik
426 1608 524 1677 silva
546 1607 594 1677 ad
618 1605 771 1678 Sazava.

298 1723 489 1788 Braoislaus
514 1724 580 1789 dux
603 1723 760 1789 coenobio
785 1723 981 1791 Sazaviensi
1014 1744 1074 1807 „ex
1097 1724 1231 1806 propria
1259 1724 1439 1808 largitione

1342 1812 1350 1826 k

238 1839 371 1917 terram,
405 1854 489 1914 quae
524 1836 612 1901 eirea
648 1841 708 1918 est,
741 1855 845 1916 usque
875 1840 918 1902 ad
949 1838 1065 1904 silvam
1099 1837 1298 1904 Strnounio“
1335 1839 1440 1920 possi-

184 1961 188 1967 ’
239 1951 380 2014 dandam
404 1949 614 2013 contradidit.
639 1949 758 2034 (Oont.)

198 2136 450 2208 Stronkovioi.
474 2139 720 2224 (Strunkovioe
743 2141 861 2205 Praoh.
885 2139 970 2223 361.)

303 2259 385 2317 1228
410 2252 574 2334 possessio
598 2271 681 2317 mon.
705 2253 736 2317 S.
761 2252 898 2335 Georgii
921 2252 956 2317 in
978 2271 1071 2334 prov.
1096 2251 1313 2319 Netolioensi.

201 2414 566 2545 Stropnice'fluviua
591 2442 784 2527 (Stropnioe
807 2444 1007 2526 nonavilla,
1030 2445 1112 2509 Bud.
1137 2447 1221 2522 310.)

300 2561 391 2621 1185.
403 2555 596 2622 Friderious
609 2558 676 2620 dux
698 2556 864 2622 Hadmaro
878 2560 919 2622 de
932 2556 1166 2637 Ohuenringen
1178 2555 1296 2623 silvam
1308 2556 1440 2623 confert

235 2671 311 2752 jure
334 2669 531 2735 beneficiio
561 2667 660 2735 fluvio
696 2669 837 2734 Lusnitz
872 2688 976 2750 usque
1007 2671 1050 2734 ad
1084 2668 1184 2734 alium
1214 2668 1351 2736 fluvium
1386 2670 1444 2750 qui

240 2781 364 2847 dieitur
387 2782 567 2864 Stropnita

199 2971 327 3058 Strpy.
353 2972 476 3056 (Strpy,
500 2974 617 3040 Praoh.
642 2979 729 3054 362.)
1391 3071 1393 3074 y

302 3085 356 3150 Ca.
382 3089 463 3150 1057
489 3089 530 3150 de
553 3086 633 3151 villa
656 3086 766 3167 Strrpi
791 3086 996 3168 Spytigneus
1019 3086 1045 3151 Ι.
1069 3086 1330 3152 eool.Luton1er.
1348 3087 1443 3153 dedit

240 3197 403 3263 hominem
426 3198 546 3262 Zlaton
570 3217 643 3263 oum
666 3199 742 3264 filiis
768 3204 802 3264 et
824 3199 931 3264 fratre
956 3198 1059 3279 ipsius
1083 3200 1126 3262 ad
1150 3217 1245 3264 nsum
1269 3199 1441 3265 eeclesiae.

198 3386 421 3456 Stiemeanr'r.
446 3390 646 3471 (Tremobne'a
670 3390 738 3454 Pn.
761 3390 849 3474 410.)

304 3504 396 3566 1181.
419 3502 569 3566 Radosta
592 3505 633 3566 de
656 3502 831 3566 Srenresna
854 3502 962 3567 testie.

198 3688 395 3760 stbetkov.
417 3691 596 3775 (Storna,
621 3692 701 3756 Kar.
726 3697 798 3773 aaa,
823 3692 907 3775 243.)

303 3805 357 3870 Oa.
384 3810 475 3869 1228.
497 3805 672 3869 Ztrezoow
694 3804 774 3871 villa
798 3804 829 3870 S.
854 3805 1000 3887 Georgii.

199 3975 387 4046 Stieiovo.

304 4090 396 4156 Saeo.
420 4089 496 4155 XII.
528 4091 615 4155 Mon.
646 4088 795 4155 Kladrub
830 4107 874 4153 na
889 4117 891 4122 v
908 4089 1069 4156 Strezeuo
1101 4090 1218 4155 habuit
1252 4094 1365 4156 terrae
1399 4092 1443 4156 ad

242 4220 341 4268 unum
364 4206 520 4268 aratrum.

200 4389 407 4459 Stiibrsko.

303 4502 396 4569 Saeo.
420 4502 479 4567 XI.
503 4502 595 4567 Eool.
620 4503 787 4568 Lutomer.
817 4503 933 4568 habuit
964 4503 1134 4585 Kosara,
1165 4503 1337 4588 Konojedi
1368 4505 1441 4571 Tri-

243 4617 393 4682 brussko.
