3278 5332
693 520 889 585 -112—

210 713 353 796 eeclesia
387 727 565 796 honorifice
595 731 763 796 habentur
785 735 819 796 et
841 729 1000 795 dicuntur
1018 732 1232 812 „paramenta
1255 720 1288 790 S.
1310 721 1412 789 Adel·

208 843 327 909 berti“.
350 843 642 928 (Cosmi—1058.
665 842 792 926 Jndita,
815 841 959 927 conjunx
983 841 1087 924 primo
1109 841 1281 924 Braoislai,
1294 843 1412 923 postea

211 955 305 1022 Petri
327 956 417 1038 regis
441 956 660 1040 Ungarorum,
683 958 817 1038 sepulta
840 961 892 1022 est
915 956 1047 1039 Pragae
1066 956 1165 1039 juxte
1187 953 1294 1022 virum
1318 971 1414 1019 snum

212 1068 420 1135 Braoislanm
444 1074 634 1135 sanctorum
656 1074 838 1153 martyrum
860 1068 941 1152 Viti,
972 1067 1164 1137 Weneeslai
1185 1072 1290 1147 atque
1312 1066 1415 1133 Adel·

212 1180 300 1247 berti
334 1181 368 1246 in
400 1181 550 1248 ecclesia.
580 1181 710 1267 (cosm.)
743 1211 786 1229 —
822 1188 914 1248 loeo.
954 1181 1159 1265 Spytigneus
1190 1182 1256 1245 dux
1294 1179 1414 1255 vinens

213 1293 386 1360 ecelesiam
417 1295 448 1361 S.
481 1293 551 1359 Viti
585 1312 650 1360 non
680 1297 763 1361 adeo
798 1312 951 1379 magnam
987 1312 1050 1361 uec
1087 1297 1317 1375 capessentem
1356 1311 1412 1374 po·

209 1408 321 1489 pulum
353 1411 605 1473 concurrentem
643 1408 686 1473 ad
730 1407 953 1473 festivitatem
997 1411 1156 1488 sanctam,
1203 1422 1300 1486 quam
1344 1403 1411 1469 uid.

209 1519 282 1602 ipse
312 1520 343 1587 S.
374 1521 593 1586 Wenceslaus
624 1526 859 1587 construxerat
895 1522 938 1586 ad
976 1518 1224 1586 similitudinem
1255 1534 1411 1583 romanae

207 1633 369 1699 ecclesiae
411 1636 596 1716 rotundam,
638 1633 672 1699 in
710 1652 777 1714 qua
813 1633 913 1700 etiam
951 1635 1116 1717 ejusdem
1143 1649 1263 1713 corpus
1301 1629 1409 1712 quies·

208 1747 316 1829 cebet,
350 1746 503 1813 similiter
538 1756 571 1813 et
602 1746 700 1812 aliam
730 1746 947 1830 ecclesiolam,
978 1765 1064 1828 quae
1099 1743 1163 1810 fuit
1194 1743 1352 1827 contigua
1374 1747 1411 1809 et

208 1859 305 1938 quasi
342 1859 376 1925 in
413 1859 544 1940 porticu
570 1850 649 1947 ‚sita
691 1861 839 1943 ejusdem
877 1859 1049 1943 ecclesiae,
1090 1859 1184 1942 cujus
1232 1857 1265 1922 in
1303 1856 1411 1947 medio

208 1971 305 2037 nimis
335 1972 369 2038 in
406 1978 481 2038 arto
518 1975 589 2039 loco
622 1977 696 2039 erat
733 1975 935 2040 mausoleum
968 1973 999 2039 S.
1033 1970 1219 2054 Adalberti,
1251 1970 1410 2052 optimum

205 2089 300 2149 ratus
329 2083 410 2169 foro,
440 2090 478 2150 ut
509 2089 623 2152 ambas
661 2089 853 2152 destrueret
881 2091 915 2152 et
945 2103 1043 2151 unam
1064 2084 1231 2164 'utrisque
1258 2083 1409 2165 patronis

205 2215 356 2280 magnam
380 2203 591 2265 construeret
614 2199 797 2265 ecclesiam.
832 2189 834 2193 ⁴

265 2318 406 2385 Domus
431 2324 470 2385 et
493 2319 604 2385 curia
627 2319 807 2402 episcopi
830 2338 912 2385 cunr
935 2318 1047 2385 turri.

265 2436 327 2495 995
363 2411 551 2514 episcopale
582 2432 689 2498 forum
720 2433 920 2513 inrumpunt.
951 2431 1100 2518 (Oanap.)
1136 2469 1172 2478 -
1209 2430 1406 2497 Pontifioale

205 2541 310 2608 forum
334 2524 511 2626 complevit
534 2546 636 2612 milite
660 2549 776 2610 totum.
800 2545 907 2629 (Legn
932 2581 972 2590 -
1002 2548 1094 2609 1148.
1119 2544 1199 2610 Cum
1221 2548 1297 2624 post
1320 2544 1407 2625 cele

204 2658 301 2748 brata
325 2655 438 2724 divina
471 2657 694 2740 insuperiori
728 2657 853 2739 palatio
877 2658 906 2722 d.
942 2655 1088 2739 episcopi
1119 2656 1290 2723 Sopianae
1324 2657 1407 2722 resi-

204 2768 306 2833 dente
330 2776 364 2832 41
387 2768 548 2835 beneficia
573 2773 800 2854 exspectante,
825 2788 911 2851 quae
933 2787 992 2835 rex
1015 2769 1050 2837 in
1072 2768 1222 2835 inferiori
1238 2769 1407 2835 caminata

203 2878 382 2945 videbatur
404 2880 591 2965 disponere,
613 2882 744 2964 capitur
768 2888 803 2948 et
826 2882 859 2947 in
882 2883 1040 2966 majorem
1062 2882 1109 2948 ibi
1132 2882 1250 2949 turrim
1262 2882 1409 2964 ponitur.

202 2992 321 3073 (Vino.)
343 3031 386 3039 —
422 2997 507 3059 1194
530 2996 587 3074 qui
600 2996 772 3061 ⁴sedebant
794 2997 837 3061 ad
860 3013 991 3060 mensas
1013 2996 1048 3061 in
1070 2996 1170 3062 stuba
1195 3013 1315 3078 magna
1338 2993 1407 3078 epi-

201 3105 335 3187 scopali.
365 3145 408 3153 —
444 3113 536 3173 lael.
579 3108 765 3175 Secundum
806 3107 992 3175 aedificium
1037 3114 1155 3176 contra
1200 3111 1328 3175 domum
1374 3109 1408 3173 d.

201 3217 348 3300 episcopi
373 3228 407 3285 et
429 3220 563 3305 curiam,
598 3240 684 3303 quae
708 3222 893 3287 vocabatur
916 3222 1104 3301 antiquitus
1130 3221 1256 3304 ,turris
1276 3220 1404 3303 opisco-

200 3331 316 3414 palis“,
349 3331 526 3399 aedificata
548 3335 583 3400 in
605 3334 715 3402 fronte
738 3335 869 3405 castri(
876 3333 1198 3422 conta—Biannos
1221 3336 1403 3416 prauopo·

199 3443 306 3509 honiti
328 3445 473 3513 kmetem
496 3449 662 3530 zemskym
692 3467 713 3514 v
736 3449 849 3531 luade,
872 3467 893 3515 v
913 3447 991 3533 jeho
1018 3451 1131 3530 droia,
1154 3447 1240 3513 kdel
1264 3448 1400 3515 (luerem

198 3559 279 3623 sedi.
301 3558 438 3646 (anm.)

260 3681 544 3749 Monasterium
567 3683 629 3749 vel
653 3685 870 3750 claustrum
889 3684 968 3767 „SS
985 3683 1079 3766 Viti,
1106 3683 1331 3750 Wenceslai
1355 3688 1397 3749 et

202 3792 445 3860 Adalberti“.

262 3911 353 3972 1091.
385 3908 624 3974 Monasterium
647 3909 820 3992 Progense
847 3911 878 3977 S.
909 3910 980 3977 Viti
1011 3909 1163 3977 incendio
1187 3910 1321 3978 corruit.
1356 3948 1400 3958 -

198 4019 439 4085 Monasterium
462 4019 492 4086 S.
516 4020 707 4088 Wenoeslai
731 4025 936 4089 combustum
959 4028 1020 4089 est.
1055 4028 1082 4070 '·
1113 4027 1203 4090 1142.
1227 4024 1399 4090 conradus

181 4131 370 4225 civitatem
408 4134 552 4216 Pragarn
586 4135 751 4219 obsidens
788 4136 1023 4203 monasterium
1059 4136 1089 4202 S.
1128 4136 1200 4203 Viti
1238 4136 1397 4204 incendit.

197 4245 314 4328 (Gosm.
339 4245 511 4328 0441.)-
536 4251 617 4312 1271
642 4249 786 4315 ecelesia
810 4249 960 4317 Omnium
984 4250 1189 4334 Sanctorum,
1220 4268 1307 4330 quae
1330 4250 1396 4316 sita

196 4363 250 4423 est
273 4357 307 4422 in
330 4359 423 4425 exitu
447 4360 586 4425 claustri
610 4379 728 4427 versus
752 4363 874 4429 curiam
898 4362 1053 4446 regalem.
1077 4363 1194 4449 (Cosm.
1218 4363 1324 4445 Oont.)

155 4479 158 4491 ’
256 4472 496 4554 Praepositi:
524 4480 587 4539 989
618 4475 952 4559 Weliclr,1068-98
983 4477 1126 4560 Marcus,
1160 4477 1234 4560 Ota,
1263 4476 1396 4560 Jurata,

197 4588 281 4649 1144
325 4590 367 4648 48
384 4586 513 4670 Daniel,
529 4592 611 4652 1148
635 4587 823 4672 Η41111444,
838 4593 1007 4654 1160-69
1019 4589 1205 4673 Udalricus,
1224 4594 1308 4656 1174
1320 4595 1395 4655 -lt

195 4696 371 4780 Martinus,
408 4704 577 4766 ileo-82
617 4701 814 4786 Pilgramus,
849 4705 934 4767 1184
968 4701 1067 4784 Onno,
1104 4707 1274 4768 1184-90
1309 4702 1393 4768 Her-
