3278 5332
658 1355 779 1458 Pars
815 1356 975 1458 altera.

235 1673 380 1767 Series
412 1673 679 1791 alphabetico
712 1675 894 1770 locorum
935 1699 1052 1769 saec.
1086 1676 1149 1768 ΧΙ.
1182 1679 1227 1769 et
1259 1676 1391 1769 llllmi.
1471 1609 1473 1613 v

193 1967 321 2055 Albea,
344 1966 467 2054 Albia,
490 1966 610 2037 Albis.
634 1968 743 2055 (Elbo,
766 1969 883 2056 Labe.)

292 2101 326 2182 a)
351 2099 437 2165 Mira
460 2119 514 2165 res
538 2104 572 2166 et
596 2102 683 2166 unde
714 2103 921 2182 perpendere
952 2105 1047 2182 potes
1078 2118 1175 2181 quarn
1207 2100 1242 2166 in
1264 2102 1332 2166 alto
1356 2121 1434 2169 aere

236 2213 318 2277 haec
341 2213 486 2293 pendeat
509 2212 601 2295 regio
625 2214 793 2296 (Boemiaq
817 2233 889 2278 curn
906 2214 997 2278 nulla
1012 2213 1190 2296 peregrina
1212 2214 1297 2279 hane
1320 2214 1437 2280 influat

232 2343 327 2407 aqua,
365 2327 424 2390 sed
462 2329 624 2405 quotquot
658 2344 780 2409 amireo,
818 2326 914 2407 parvi
951 2330 986 2391 et
1023 2326 1189 2409 immanes,
1222 2345 1263 2392 ex
1292 2327 1435 2419 diversis

231 2438 398 2503 montibus
422 2438 496 2521 orti,
519 2457 539 2502 a
560 2439 677 2522 majori
699 2458 794 2522 aqua,
819 2457 903 2518 quae
926 2438 1049 2504 dicitur
1064 2439 1165 2522 Labe,
1180 2439 1308 2521 recepti
1330 2458 1436 2519 usque

232 2550 418 2630 aquilonale
442 2550 549 2616 fluunt
572 2551 606 2616 in
621 2570 720 2617 mare.
744 2550 880 2637 (Oeam.)
902 2589 946 2626 -,-
970 2551 1001 2634 b)
1026 2552 1134 2632 Caput
1152 2551 1294 2618 Albeae:
1318 2553 1364 2617 Et
1387 2552 1435 2617 sic

234 2663 343 2729 Odere
371 2682 502 2729 sursum
524 2667 688 2744 usquead
705 2669 806 2746 caput
829 2666 919 2748 ejus3
942 2663 1019 2730 inde
1037 2664 1132 2744 quasi
1148 2669 1242 2730 recta
1258 2664 1313 2731 via
1328 2683 1433 2744 usqne

232 2778 274 2841 ad
290 2780 391 2857 caput
406 2777 533 2842 Albeae
556 2779 624 2842 atd.
639 2815 682 2824 -
698 2777 728 2860 c)
751 2777 804 2869 Ad
821 2776 1019 2858 Opatovice:
1045 2783 1128 2842 1086
1153 2777 1312 2842 circuitus
1336 2777 1435 2843 villae
1501 2824 1504 2831 ,

234 2889 396 2970 Opatovic
419 2908 439 2954 a
462 2889 562 2956 fluvio
586 2890 678 2955 Labe
701 2907 806 2968 usque
830 2891 872 2954 ad
895 2889 1019 2971 pirum3
1050 2889 1130 2956 villa
1153 2890 1253 2956 Brezi
1283 2893 1318 2955 et
1351 2889 1436 2956 silva

231 3002 371 3066 Drahun
394 3006 429 3067 et
451 3001 581 3086 fluvius
614 3003 670 3083 qui
692 3002 796 3083 ipsam
820 3002 1018 3068 circumfluit
1041 3002 1166 3086 silvam,
1195 3006 1229 3067 et
1257 3003 1434 3086 humulunr‚

233 3115 289 3193 qui
313 3115 401 3180 circa
424 3115 544 3180 fiumen
560 3115 691 3180 Albianr
706 3115 881 3197 reperitur.
893 3115 982 3200 -d)
1005 3115 1059 3180 Ad
1075 3116 1203 3197 Tynec:
1221 3121 1304 3180 1183
1321 3116 1434 3197 ‘lynec
1519 3127 1523 3138 “

235 3228 425 3311 curnsilva,
449 3246 534 3308 quae
557 3247 659 3310 super
671 3228 802 3294 Albium
821 3229 922 3313 jacet.
937 3266 980 3275 —
996 3232 1022 3310 a)
1045 3228 1098 3293 Ad
1122 3228 1270 3294 Oidlinae
1294 3228 1433 3293 ostium:

236 3346 318 3404 1110
341 3340 458 3406 Poloni
492 3343 707 3421 quoadusque
739 3343 975 3423 pervenientes
1003 3342 1100 3425 juxta
1135 3340 1288 3422 oppidum
1324 3339 1434 3406 Oldris

234 3452 468 3533 applicuerunt
483 3455 525 3518 ad
541 3455 662 3518 undam
677 3453 769 3519 Labe
784 3453 935 3519 fluminis.
952 3453 1081 3539 (Cosm.)
1101 3453 1274 3518 Boleslaus
1290 3453 1435 3518 Polonus

235 3570 380 3629 castrum
411 3565 514 3632 movit
546 3584 607 3631 nec
630 3568 672 3631 ab
695 3566 783 3631 illins
807 3565 880 3648 ripa
902 3565 1044 3631 fluminis
1066 3564 1241 3650 (Oidlinae)
1271 3568 1314 3631 ad
1341 3565 1434 3632 Labe

234 3676 355 3742 fiumen
383 3679 613 3743 descendendo
643 3697 680 3744 se
710 3680 860 3762 removit,
883 3678 930 3744 ibi
959 3697 1038 3744 vero
1058 3679 1156 3763 juxta
1178 3679 1270 3744 Labe
1297 3678 1433 3744 fluvium
1528 3661 1530 3665 ⁷
1629 3748 1632 3757 ,

234 3790 325 3855 illurn
356 3790 524 3856 fluviolum
547 3791 733 3876 (Oidlinam)
763 3791 835 3857 sine
866 3793 1037 3857 obstaculo
1067 3791 1294 3874 pertransivit.
1324 3793 1436 3872 (Mart.

234 3903 373 3976 Gallusu
408 3943 451 3950 —
475 3905 512 3987 f)
546 3905 600 3970 Ad
634 3904 757 3971 Lubic:
795 3904 901 3970 Lubio
935 3905 1126 3986 metropolis
1164 3905 1229 3970 sita
1260 3905 1341 3987 loco,
1379 3904 1436 3970 ubi

235 4017 339 4081 arnnis
364 4017 492 4082 Cidlina
523 4035 640 4083 nornen
669 4017 780 4099 perdit
812 4036 915 4100 suum,
947 4018 1076 4082 intrans
1108 4018 1142 4082 in
1173 4017 1309 4084 fluvium
1332 4018 1433 4083 Labe.

235 4130 367 4215 (Cosm.)
397 4168 439 4176 -
469 4129 503 4214 9)
537 4129 591 4195 Ad
625 4131 816 4195 Podebrad:
853 4135 945 4195 1124.
968 4131 1172 4212 Progressus
1207 4130 1321 4210 itaque
1356 4129 1435 4196 Otto

234 4242 491 4325 Bambergensis
530 4242 697 4308 abbatiani
736 4243 912 4309 Setzkeam
944 4241 1102 4328 (Sadska)
1131 4242 1246 4324 petiit3
1285 4242 1361 4308 inde
1393 4245 1435 4307 ad

233 4356 373 4421 Albeam
389 4355 528 4422 divertit
543 4355 635 4439 (Vita
651 4354 741 4440 on).
761 4356 843 4421 Inde
861 4374 920 4437 per
943 4355 1118 4421 Satischan
1135 4356 1168 4420 in
1184 4355 1269 4420 Albe
1292 4355 1435 4420 fluminis

234 4468 307 4549 ripa
330 4468 427 4533 sitam
451 4468 632 4533 ecclesiam.
656 4467 729 4552 (lb.)
761 4506 802 4515 --
832 4470 864 4550 b)
887 4468 941 4533 Ad
967 4468 1111 4534 Lissarn:
1145 4473 1225 4533 1291
1259 4467 1435 4534 Brachium

232 4582 358 4646 Albeae
383 4600 441 4646 sen
465 4582 571 4648 lacum
595 4583 759 4660 quendam
782 4583 842 4645 sub
873 4581 979 4664 Lissa,
1012 4581 1112 4664 vulgo
1136 4581 1259 4645 dictum
1283 4583 1369 4646 tone.
1392 4619 1435 4628 --

96 4745 98 4749 ,
232 4693 257 4777 1)
281 4693 334 4757 Ad
358 4695 503 4759 Touseri:
529 4700 611 4759 1293
636 4694 770 4759 naulum
793 4694 827 4758 in
850 4695 980 4760 Tussen
995 4694 1084 4762 villa.
1100 4733 1142 4741 -
1157 4696 1186 4778 lc)
1209 4693 1263 4758 Ad
1278 4694 1435 4760 Boleslav

290 4831 381 4884 Jiredek‚
396 4833 490 4883 Topogr,
505 4833 577 4873 Boem.
1228 4818 1241 4868 Ῑ
