3278 5332
799 507 860 569 124
883 543 922 551 -

204 708 368 780 Radoioi.
392 711 539 795 (Rodiae,
562 712 678 777 Praoh.
703 716 786 795 363.)

308 823 401 889 Saeo.
424 824 502 889 XII.
525 825 681 890 Radseiei
704 825 783 891 villa
806 845 889 892 mon.
913 826 945 892 S.
969 828 1104 912 Georgii
1134 830 1168 893 in
1190 829 1364 911 provincia
1388 829 1452 895 Ne-

247 937 409 1003 tolieeusi.

68 1146 74 1159 “
203 1127 433 1216 RadeJovioi.
457 1131 682 1214 (Radejovioe,
704 1131 783 1198 Kar.
807 1140 869 1200 230
893 1139 952 1198 aut
975 1135 1050 1198 Ber.
1076 1137 1159 1213 251.)

309 1245 401 1310 Saea.
433 1244 510 1309 XII.
545 1245 633 1310 Villa
667 1247 871 1313 Radeiowioi
907 1247 995 1313 eirea
1030 1251 1184 1330 oestrum,
1218 1247 1385 1329 possessio
1420 1248 1452 1314 S.

248 1358 393 1443 Georgii.

164 1580 169 1591 ·
204 1549 396 1620 Radouioi.
422 1535 795 1634 (senonicensem.)

309 1670 400 1728 1196.
425 1665 532 1747 Hogir
555 1667 595 1729 de
617 1665 767 1730 Radoniz
791 1667 898 1731 testis.
922 1704 964 1711 —
993 1671 1081 1730 1230.
1109 1665 1265 1731 Nicolaus
1290 1670 1325 1731 et
1348 1666 1448 1733 Vitus

246 1780 287 1842 de
311 1776 470 1843 Radouin.
1222 1785 1225 1791 '

202 1983 364 2053 Radotiu
388 1985 493 2054 ouria
516 1988 553 2054 et
577 1987 760 2056 transitus
783 2007 897 2072 super
920 1986 1067 2055 Mseam.
1092 1988 1260 2071 (Radotin,
1276 1989 1351 2054 Ber.
1364 1990 1449 2069 249.)

307 2100 361 2166 Ga.
394 2105 465 2165 993.
501 2101 677 2166 Boleslaus
706 2102 750 2166 Π.
784 2121 867 2167 mon.
902 2104 1067 2169 Brevnov.
1097 2100 1227 2166 confert
1258 2100 1369 2169 villam
1397 2100 1450 2165 Na

245 2232 391 2279 wranem
425 2233 498 2279 cum
529 2215 715 2296 hospitibus
744 2220 778 2280 et
815 2217 964 2298 eeclesia,
992 2218 1033 2281 ad
1062 2234 1159 2294 quam
1191 2216 1232 2280 de
1259 2215 1353 2279 ouria
1387 2230 1449 2279 sua

245 2326 403 2408 Radotyu
426 2329 585 2393 decimam
609 2330 649 2394 de
673 2329 759 2394 omni
781 2333 947 2410 proventu
976 2328 1148 2408 disposuit.
1170 2365 1213 2373 -
1238 2331 1330 2391 1159.
1355 2326 1446 2392 Wia-

244 2439 369 2503 dislaus
393 2440 436 2504 II.
459 2441 630 2506 confirmat
653 2441 808 2523 hospitali
833 2441 863 2506 S.
886 2440 1026 2506 Joanuis
1051 2440 1143 2505 Hier.
1167 2440 1356 2522 transitum,
1389 2450 1448 2519 qui

247 2557 299 2616 est
322 2571 422 2634 super
444 2553 580 2621 flurium
603 2556 695 2620 Msee
718 2556 760 2619 ad
784 2554 905 2636 villam,
929 2571 1015 2632 quae
1039 2557 1180 2619 voratur
1203 2551 1359 2618 Radotin.

200 2739 395 2809 Radouani
421 2743 566 2810 vadum.
590 2743 786 2833 (Rodisfurt.
811 2744 893 2808 Lok.
916 2744 1002 2827 423)

302 2855 506 2920 Wiadislaus
529 2855 573 2920 Π.
597 2856 706 2921 domui
719 2857 865 2921 Doksan.
879 2856 1029 2921 eontulit.
1048 2874 1135 2920 saec.
1166 2855 1244 2920 ΧΠ.
1259 2854 1446 2922 Weiiohow

243 2970 370 3035 evado
397 2968 572 3034 Radovani
603 2987 708 3048 usque
738 2972 780 3034 ad
815 2978 948 3049 pontem
981 2970 1145 3051 paludum,
1173 2971 1260 3048 qood
1290 2967 1445 3034 mostisde

242 3081 373 3164 dieitur,
398 3084 431 3146 et
455 3083 503 3147 sio
526 3085 568 3146 ad
590 3086 734 3146 montem
758 3082 881 3164 Strany
905 3082 1011 3148 etita
1035 3083 1069 3147 in
1092 3082 1216 3165 Egram
1239 3081 1384 3149 fluvium.

199 3269 433 3341 Radovesioi.
457 3274 677 3358 (Radovesiee
691 3274 978 3354 :Radowiesita
1002 3273 1068 3338 Lit.
1091 3273 1156 3356 44.)

304 3387 358 3451 Ga.
384 3392 476 3453 1176.
500 3388 810 3471 (ei.1226.)Domus
833 3388 979 3451 Doksau.
995 3386 1184 3452 Radowisio
1202 3386 1326 3451 curiam
1342 3385 1443 3450 Chre-

242 3499 320 3563 noni
342 3499 408 3566 filio
430 3500 582 3584 duratae,
611 3520 683 3566 oum
707 3518 846 3581 annona,
870 3499 994 3563 additis
1017 3503 1159 3578 qtratuor
1174 3497 1294 3563 mareis
1310 3497 1444 3581 argenti

241 3613 333 3677 dedit
368 3613 402 3677 iu
435 3613 658 3679 oonoambium
692 3631 752 3694 pro
786 3612 983 3694 patrimonio
1021 3630 1090 3694 suo⁷
1131 3614 1219 3691 quod
1253 3610 1370 3677 habuit
1407 3610 1443 3676 in

241 3725 385 3791 Crawar,

197 3913 378 4001 Radujeri.
403 3916 568 3999 ¹Radujen
584 3916 786 3998 :Radaun²
810 3915 875 3979 Lit.
901 3919 961 3994 76.)

300 4031 353 4095 Oa.
380 4034 471 4093 1057.
495 4030 657 4110 Raduyue
682 4028 860 4112 (Raduine)
885 4028 1046 4094 Gestessa
1068 4029 1213 4093 rusticus
1243 4030 1442 4116 santerna,

238 4142 466 4207 ministerialis
492 4143 569 4207 ecel.
593 4143 760 4207 Lutomer.
784 4180 825 4187 —
851 4148 931 4207 1057
958 4142 1079 4208 ibidem
1094 4147 1218 4206 terram
1234 4142 1351 4208 habuit
1370 4142 1440 4207 Ple-

238 4255 319 4338 tivoj
344 4259 438 4318 sutor
460 4255 556 4336 niger
580 4257 621 4320 de
644 4255 803 4325 Lukovio.
819 4255 916 4319 aliam
932 4255 1057 4319 habens
1074 4254 1226 4322 Radvine
1242 4256 1440 4339 (Raduyne).
1506 4316 1511 4325 .

194 4459 386 4529 Rodunioi.
411 4462 609 4545 [Radunioa
633 4462 803 4528 Radouioe
827 4463 911 4528 Rak.
936 4469 975 4543 6.)

299 4576 352 4640 (ia.
379 4579 470 4639 1145.
503 4577 569 4639 dux
601 4575 750 4642 Wiadisl.
773 4576 797 4640 I.
820 4594 902 4640 mon.
939 4576 1098 4640 Strahow.
1127 4577 1268 4642 contulit
1294 4576 1440 4660 „curiam

238 4707 329 4752 suam
360 4687 531 4752 Radouioe
564 4707 636 4753 eum
669 4689 816 4754 omnibus
849 4689 1062 4772 appendiciis,
1093 4689 1158 4754 vid.
1190 4690 1286 4773 villis
1318 4690 1437 4771 servia,

912 4996 1012 5026 *
