<?xml version="1.0" encoding="UTF-8"?>
<!DOCTYPE html PUBLIC "-//W3C//DTD XHTML 1.0 Transitional//EN"
    "http://www.w3.org/TR/xhtml1/DTD/xhtml1-transitional.dtd">
<html xmlns="http://www.w3.org/1999/xhtml" xml:lang="en" lang="en">
 <head>
  <title>
</title>
<meta http-equiv="Content-Type" content="text/html;charset=utf-8" />
  <meta name='ocr-system' content='tesseract 3.04.00' />
  <meta name='ocr-capabilities' content='ocr_page ocr_carea ocr_par ocr_line ocrx_word'/>
</head>
<body>
  <div class='ocr_page' id='page_1' title='image "./antiquaeboemiae00samogoog_0110.png"; bbox 0 0 3278 5332; ppageno 0'>
   <div class='ocr_carea' id='block_1_1' title="bbox 711 564 884 625">
    <p class='ocr_par' dir='ltr' id='par_1_1' title="bbox 711 564 884 625">
     <span class='ocr_line' id='line_1_1' title="bbox 711 564 884 625; baseline 0 -18"><span class='ocrx_word' id='word_1_1' title='bbox 711 564 884 625; x_wconf 64' lang='lat'>..75-</span> 
     </span>
    </p>
   </div>
   <div class='ocr_carea' id='block_1_2' title="bbox 121 759 1417 1982">
    <p class='ocr_par' dir='ltr' id='par_1_2' title="bbox 174 759 747 851">
     <span class='ocr_line' id='line_1_2' title="bbox 174 759 747 851; baseline 0.003 -17"><span class='ocrx_word' id='word_1_2' title='bbox 174 759 354 834; x_wconf 77' lang='lat' dir='ltr'><strong>Lucensis</strong></span> <span class='ocrx_word' id='word_1_3' title='bbox 375 763 583 851; x_wconf 80' lang='lat' dir='ltr'><strong>provincie,</strong></span> <span class='ocrx_word' id='word_1_4' title='bbox 605 763 747 836; x_wconf 85' lang='lat' dir='ltr'><strong>Lnoko.</strong></span> 
     </span>
    </p>

    <p class='ocr_par' dir='ltr' id='par_1_3' title="bbox 276 878 1415 965">
     <span class='ocr_line' id='line_1_3' title="bbox 276 878 1415 965; baseline 0.002 -20"><span class='ocrx_word' id='word_1_5' title='bbox 276 878 354 945; x_wconf 82' lang='lat' dir='ltr'><strong>Dux</strong></span> <span class='ocrx_word' id='word_1_6' title='bbox 372 880 535 948; x_wconf 75' lang='lat' dir='ltr'><strong>Lucensis</strong></span> <span class='ocrx_word' id='word_1_7' title='bbox 566 879 790 947; x_wconf 83' lang='lat' dir='ltr'><strong>ferocissimus</strong></span> <span class='ocrx_word' id='word_1_8' title='bbox 817 885 929 948; x_wconf 89' lang='lat' dir='ltr'><strong>mente</strong></span> <span class='ocrx_word' id='word_1_9' title='bbox 951 899 1023 947; x_wconf 88' lang='lat' dir='ltr'><strong>cnm</strong></span> <span class='ocrx_word' id='word_1_10' title='bbox 1044 879 1283 963; x_wconf 85' lang='lat' dir='ltr'><strong>superbissimo</strong></span> <span class='ocrx_word' id='word_1_11' title='bbox 1303 884 1415 965; x_wconf 85' lang='lat' dir='ltr'><strong>gente,</strong></span> 
     </span>
    </p>

    <p class='ocr_par' dir='ltr' id='par_1_4' title="bbox 121 990 1417 1982">
     <span class='ocr_line' id='line_1_4' title="bbox 217 990 1275 1078; baseline 0.003 -21"><span class='ocrx_word' id='word_1_12' title='bbox 217 990 337 1072; x_wconf 86' lang='lat' dir='ltr'><strong>quibus</strong></span> <span class='ocrx_word' id='word_1_13' title='bbox 361 997 396 1058; x_wconf 90' lang='lat' dir='ltr'><strong>et</strong></span> <span class='ocrx_word' id='word_1_14' title='bbox 418 992 516 1061; x_wconf 80' lang='lat' dir='ltr'><strong>hodio</strong></span> <span class='ocrx_word' id='word_1_15' title='bbox 538 1013 559 1060; x_wconf 81' lang='lat' dir='ltr'><strong>a</strong></span> <span class='ocrx_word' id='word_1_16' title='bbox 581 993 666 1060; x_wconf 82' lang='lat' dir='ltr'><strong>molo</strong></span> <span class='ocrx_word' id='word_1_17' title='bbox 690 994 839 1061; x_wconf 82' lang='lat' dir='ltr'><strong>innatum</strong></span> <span class='ocrx_word' id='word_1_18' title='bbox 863 998 916 1060; x_wconf 88' lang='lat' dir='ltr'><strong>est</strong></span> <span class='ocrx_word' id='word_1_19' title='bbox 939 993 1122 1076; x_wconf 78' lang='lat' dir='ltr'><strong>superbire.</strong></span> <span class='ocrx_word' id='word_1_20' title='bbox 1145 995 1275 1078; x_wconf 78' lang='lat' dir='ltr'><strong>(Oosm.)</strong></span> 
     </span>
     <span class='ocr_line' id='line_1_5' title="bbox 276 1102 1414 1191; baseline 0.002 -21"><span class='ocrx_word' id='word_1_21' title='bbox 276 1103 507 1190; x_wconf 78' lang='lat' dir='ltr'><strong>Distingnitnr</strong></span> <span class='ocrx_word' id='word_1_22' title='bbox 528 1106 585 1174; x_wconf 87' lang='lat' dir='ltr'><strong>illo</strong></span> <span class='ocrx_word' id='word_1_23' title='bbox 607 1107 779 1190; x_wconf 85' lang='lat' dir='ltr'><strong>provincio</strong></span> <span class='ocrx_word' id='word_1_24' title='bbox 802 1102 965 1174; x_wconf 79' lang='lat' dir='ltr'><strong>Lucensis</strong></span> <span class='ocrx_word' id='word_1_25' title='bbox 988 1107 1132 1188; x_wconf 87' lang='lat' dir='ltr'><strong>quinque</strong></span> <span class='ocrx_word' id='word_1_26' title='bbox 1155 1106 1346 1191; x_wconf 83' lang='lat' dir='ltr'><strong>regionibus</strong></span> <span class='ocrx_word' id='word_1_27' title='bbox 1369 1106 1414 1172; x_wconf 95' lang='lat' dir='ltr'><strong>lo·</strong></span> 
     </span>
     <span class='ocr_line' id='line_1_6' title="bbox 217 1217 1415 1303; baseline 0.003 -21"><span class='ocrx_word' id='word_1_28' title='bbox 217 1235 328 1288; x_wconf 87' lang='lat' dir='ltr'><strong>corum</strong></span> <span class='ocrx_word' id='word_1_29' title='bbox 343 1237 405 1302; x_wconf 90' lang='lat' dir='ltr'><strong>per</strong></span> <span class='ocrx_word' id='word_1_30' title='bbox 427 1220 635 1303; x_wconf 87' lang='lat' dir='ltr'><strong>compendio:</strong></span> <span class='ocrx_word' id='word_1_31' title='bbox 659 1220 770 1286; x_wconf 88' lang='lat' dir='ltr'><strong>Prima</strong></span> <span class='ocrx_word' id='word_1_32' title='bbox 792 1220 884 1303; x_wconf 81' lang='lat' dir='ltr'><strong>regio</strong></span> <span class='ocrx_word' id='word_1_33' title='bbox 909 1224 961 1287; x_wconf 85' lang='lat' dir='ltr'><strong>est</strong></span> <span class='ocrx_word' id='word_1_34' title='bbox 984 1219 1151 1286; x_wconf 81' lang='lat' dir='ltr'><strong>sitaciroe</strong></span> <span class='ocrx_word' id='word_1_35' title='bbox 1165 1217 1415 1286; x_wconf 85' lang='lat' dir='ltr'><strong>rivumnomino</strong></span> 
     </span>
     <span class='ocr_line' id='line_1_7' title="bbox 215 1330 1416 1419; baseline -0.002 -20"><span class='ocrx_word' id='word_1_36' title='bbox 215 1330 328 1399; x_wconf 82' lang='lat' dir='ltr'><strong>Gntno</strong></span> <span class='ocrx_word' id='word_1_37' title='bbox 338 1332 517 1419; x_wconf 81' lang='lat' dir='ltr'><strong>(Guntno);</strong></span> <span class='ocrx_word' id='word_1_38' title='bbox 529 1337 725 1402; x_wconf 80' lang='lat' dir='ltr'><strong>secundaex</strong></span> <span class='ocrx_word' id='word_1_39' title='bbox 737 1339 880 1413; x_wconf 85' lang='lat' dir='ltr'><strong>utroque</strong></span> <span class='ocrx_word' id='word_1_40' title='bbox 892 1338 988 1415; x_wconf 88' lang='lat' dir='ltr'><strong>parte</strong></span> <span class='ocrx_word' id='word_1_41' title='bbox 1001 1338 1054 1398; x_wconf 88' lang='lat' dir='ltr'><strong>est</strong></span> <span class='ocrx_word' id='word_1_42' title='bbox 1064 1331 1157 1399; x_wconf 87' lang='lat' dir='ltr'><strong>fluvii</strong></span> <span class='ocrx_word' id='word_1_43' title='bbox 1171 1333 1283 1412; x_wconf 79' lang='lat' dir='ltr'><strong>Vzke3</strong></span> <span class='ocrx_word' id='word_1_44' title='bbox 1301 1330 1416 1414; x_wconf 85' lang='lat' dir='ltr'><strong>tertia)</strong></span> 
     </span>
     <span class='ocr_line' id='line_1_8' title="bbox 216 1438 1416 1528; baseline 0 -18"><span class='ocrx_word' id='word_1_45' title='bbox 216 1445 409 1512; x_wconf 77' lang='lat' dir='ltr'><strong>extenditur</strong></span> <span class='ocrx_word' id='word_1_46' title='bbox 431 1438 492 1528; x_wconf 84' lang='lat' dir='ltr'><strong>per</strong></span> <span class='ocrx_word' id='word_1_47' title='bbox 523 1447 697 1513; x_wconf 87' lang='lat' dir='ltr'><strong>circuitum</strong></span> <span class='ocrx_word' id='word_1_48' title='bbox 720 1445 881 1513; x_wconf 87' lang='lat' dir='ltr'><strong>torrentis</strong></span> <span class='ocrx_word' id='word_1_49' title='bbox 904 1444 1077 1524; x_wconf 77' lang='lat' dir='ltr'><strong>Brinnico3</strong></span> <span class='ocrx_word' id='word_1_50' title='bbox 1110 1450 1231 1525; x_wconf 83' lang='lat' dir='ltr'><strong>quarto</strong></span> <span class='ocrx_word' id='word_1_51' title='bbox 1260 1463 1346 1526; x_wconf 87' lang='lat' dir='ltr'><strong>quoe</strong></span> <span class='ocrx_word' id='word_1_52' title='bbox 1381 1449 1416 1510; x_wconf 91' lang='lat' dir='ltr'><strong>et</strong></span> 
     </span>
     <span class='ocr_line' id='line_1_9' title="bbox 216 1537 1416 1644; baseline 0.001 -22"><span class='ocrx_word' id='word_1_53' title='bbox 216 1555 346 1625; x_wconf 79' lang='lat' dir='ltr'><strong>silvano</strong></span> <span class='ocrx_word' id='word_1_54' title='bbox 369 1559 501 1644; x_wconf 86' lang='lat' dir='ltr'><strong>dicitur,</strong></span> <span class='ocrx_word' id='word_1_55' title='bbox 532 1559 599 1626; x_wconf 84' lang='lat' dir='ltr'><strong>sito</strong></span> <span class='ocrx_word' id='word_1_56' title='bbox 621 1565 674 1626; x_wconf 84' lang='lat' dir='ltr'><strong>est</strong></span> <span class='ocrx_word' id='word_1_57' title='bbox 697 1559 784 1626; x_wconf 84' lang='lat' dir='ltr'><strong>infra</strong></span> <span class='ocrx_word' id='word_1_58' title='bbox 806 1558 966 1625; x_wconf 88' lang='lat' dir='ltr'><strong>terminos</strong></span> <span class='ocrx_word' id='word_1_59' title='bbox 989 1556 1131 1624; x_wconf 86' lang='lat' dir='ltr'><strong>fluminis</strong></span> <span class='ocrx_word' id='word_1_60' title='bbox 1156 1556 1259 1636; x_wconf 82' lang='lat' dir='ltr'><strong>Mzie3</strong></span> <span class='ocrx_word' id='word_1_61' title='bbox 1291 1537 1416 1640; x_wconf 85' lang='lat' dir='ltr'><strong>quinte,</strong></span> 
     </span>
     <span class='ocr_line' id='line_1_10' title="bbox 217 1668 1417 1756; baseline 0.003 -22"><span class='ocrx_word' id='word_1_62' title='bbox 217 1687 302 1750; x_wconf 85' lang='lat' dir='ltr'><strong>quoe</strong></span> <span class='ocrx_word' id='word_1_63' title='bbox 325 1670 360 1736; x_wconf 93' lang='lat' dir='ltr'><strong>in</strong></span> <span class='ocrx_word' id='word_1_64' title='bbox 382 1672 488 1738; x_wconf 84' lang='lat' dir='ltr'><strong>medio</strong></span> <span class='ocrx_word' id='word_1_65' title='bbox 512 1677 574 1756; x_wconf 90' lang='lat' dir='ltr'><strong>est,</strong></span> <span class='ocrx_word' id='word_1_66' title='bbox 596 1672 720 1738; x_wconf 84' lang='lat' dir='ltr'><strong>dicitur</strong></span> <span class='ocrx_word' id='word_1_67' title='bbox 743 1673 844 1756; x_wconf 86' lang='lat' dir='ltr'><strong>Luco,</strong></span> <span class='ocrx_word' id='word_1_68' title='bbox 876 1669 1097 1754; x_wconf 86' lang='lat' dir='ltr'><strong>pulcherrima</strong></span> <span class='ocrx_word' id='word_1_69' title='bbox 1119 1668 1194 1736; x_wconf 85' lang='lat' dir='ltr'><strong>visu</strong></span> <span class='ocrx_word' id='word_1_70' title='bbox 1219 1673 1253 1735; x_wconf 85' lang='lat' dir='ltr'><strong>et</strong></span> <span class='ocrx_word' id='word_1_71' title='bbox 1276 1668 1417 1737; x_wconf 85' lang='lat' dir='ltr'><strong>utillima</strong></span> 
     </span>
     <span class='ocr_line' id='line_1_11' title="bbox 218 1781 1416 1866; baseline 0 -19"><span class='ocrx_word' id='word_1_72' title='bbox 218 1799 281 1849; x_wconf 90' lang='lat' dir='ltr'><strong>usu</strong></span> <span class='ocrx_word' id='word_1_73' title='bbox 304 1803 343 1850; x_wconf 86' lang='lat' dir='ltr'><strong>ac</strong></span> <span class='ocrx_word' id='word_1_74' title='bbox 367 1784 533 1852; x_wconf 85' lang='lat' dir='ltr'><strong>uberrima</strong></span> <span class='ocrx_word' id='word_1_75' title='bbox 556 1786 639 1853; x_wconf 81' lang='lat' dir='ltr'><strong>sotis</strong></span> <span class='ocrx_word' id='word_1_76' title='bbox 662 1803 806 1852; x_wconf 88' lang='lat' dir='ltr'><strong>necnon</strong></span> <span class='ocrx_word' id='word_1_77' title='bbox 837 1783 1100 1851; x_wconf 78' lang='lat' dir='ltr'><strong>abundatissime</strong></span> <span class='ocrx_word' id='word_1_78' title='bbox 1123 1781 1239 1866; x_wconf 84' lang='lat' dir='ltr'><strong>pratis,</strong></span> <span class='ocrx_word' id='word_1_79' title='bbox 1269 1783 1358 1848; x_wconf 89' lang='lat' dir='ltr'><strong>unde</strong></span> <span class='ocrx_word' id='word_1_80' title='bbox 1382 1789 1416 1849; x_wconf 87' lang='lat' dir='ltr'><strong>et</strong></span> 
     </span>
     <span class='ocr_line' id='line_1_12' title="bbox 121 1894 1416 1982; baseline -0.002 -20"><span class='ocrx_word' id='word_1_81' title='bbox 121 1932 124 1937; x_wconf 62' lang='grc'><strong><em>«</em></strong></span> <span class='ocrx_word' id='word_1_82' title='bbox 214 1913 332 1963; x_wconf 90' lang='lat' dir='ltr'><strong>nomen</strong></span> <span class='ocrx_word' id='word_1_83' title='bbox 355 1896 428 1980; x_wconf 83' lang='lat' dir='ltr'><strong>ipso</strong></span> <span class='ocrx_word' id='word_1_84' title='bbox 450 1898 543 1982; x_wconf 82' lang='lat' dir='ltr'><strong>regio</strong></span> <span class='ocrx_word' id='word_1_85' title='bbox 555 1898 668 1981; x_wconf 83' lang='lat' dir='ltr'><strong>traxit,</strong></span> <span class='ocrx_word' id='word_1_86' title='bbox 680 1899 757 1979; x_wconf 84' lang='lat' dir='ltr'><strong>qnia</strong></span> <span class='ocrx_word' id='word_1_87' title='bbox 769 1899 844 1965; x_wconf 85' lang='lat' dir='ltr'><strong>luco</strong></span> <span class='ocrx_word' id='word_1_88' title='bbox 856 1896 960 1964; x_wconf 85' lang='lat' dir='ltr'><strong>letine</strong></span> <span class='ocrx_word' id='word_1_89' title='bbox 973 1901 1104 1979; x_wconf 86' lang='lat' dir='ltr'><strong>pratum</strong></span> <span class='ocrx_word' id='word_1_90' title='bbox 1133 1894 1264 1961; x_wconf 84' lang='lat' dir='ltr'><strong>dicitnr.</strong></span> <span class='ocrx_word' id='word_1_91' title='bbox 1283 1894 1416 1980; x_wconf 83' lang='lat' dir='ltr'><strong>(Cosm.)</strong></span> 
     </span>
    </p>
   </div>
   <div class='ocr_carea' id='block_1_3' title="bbox 172 2059 1419 3176">
    <p class='ocr_par' dir='ltr' id='par_1_5' title="bbox 172 2059 923 2151">
     <span class='ocr_line' id='line_1_13' title="bbox 172 2059 923 2151; baseline 0.001 -20"><span class='ocrx_word' id='word_1_92' title='bbox 172 2059 320 2131; x_wconf 72' lang='lat' dir='ltr'><strong>noune</strong></span> <span class='ocrx_word' id='word_1_93' title='bbox 342 2061 571 2151; x_wconf 72' lang='lat' dir='ltr'><strong>(Lucenses),</strong></span> <span class='ocrx_word' id='word_1_94' title='bbox 593 2061 717 2134; x_wconf 86' lang='lat' dir='ltr'><strong>tribus</strong></span> <span class='ocrx_word' id='word_1_95' title='bbox 740 2062 923 2132; x_wconf 86' lang='lat' dir='ltr'><strong>Boemioe.</strong></span> 
     </span>
    </p>

    <p class='ocr_par' dir='ltr' id='par_1_6' title="bbox 216 2173 1419 3176">
     <span class='ocr_line' id='line_1_14' title="bbox 274 2173 1416 2261; baseline -0.004 -18"><span class='ocrx_word' id='word_1_96' title='bbox 274 2177 321 2243; x_wconf 80' lang='lat' dir='ltr'><strong>Et</strong></span> <span class='ocrx_word' id='word_1_97' title='bbox 345 2176 498 2259; x_wconf 82' lang='lat' dir='ltr'><strong>quoniam</strong></span> <span class='ocrx_word' id='word_1_98' title='bbox 520 2176 603 2244; x_wconf 82' lang='lat' dir='ltr'><strong>haec</strong></span> <span class='ocrx_word' id='word_1_99' title='bbox 626 2177 719 2261; x_wconf 81' lang='lat' dir='ltr'><strong>regio</strong></span> <span class='ocrx_word' id='word_1_100' title='bbox 735 2177 883 2260; x_wconf 88' lang='lat' dir='ltr'><strong>primum,</strong></span> <span class='ocrx_word' id='word_1_101' title='bbox 906 2175 1005 2258; x_wconf 84' lang='lat' dir='ltr'><strong>longe</strong></span> <span class='ocrx_word' id='word_1_102' title='bbox 1020 2180 1202 2254; x_wconf 81' lang='lat' dir='ltr'><strong>antequem</strong></span> <span class='ocrx_word' id='word_1_103' title='bbox 1221 2173 1321 2240; x_wconf 83' lang='lat' dir='ltr'><strong>Sotec</strong></span> <span class='ocrx_word' id='word_1_104' title='bbox 1337 2175 1416 2239; x_wconf 89' lang='lat' dir='ltr'><strong>urbs</strong></span> 
     </span>
     <span class='ocr_line' id='line_1_15' title="bbox 216 2285 1419 2373; baseline -0.004 -17"><span class='ocrx_word' id='word_1_105' title='bbox 216 2288 350 2356; x_wconf 86' lang='lat' dir='ltr'><strong>condito</strong></span> <span class='ocrx_word' id='word_1_106' title='bbox 371 2288 468 2373; x_wconf 82' lang='lat' dir='ltr'><strong>foret,</strong></span> <span class='ocrx_word' id='word_1_107' title='bbox 491 2293 544 2365; x_wconf 85' lang='lat' dir='ltr'><strong>est</strong></span> <span class='ocrx_word' id='word_1_108' title='bbox 567 2289 753 2356; x_wconf 81' lang='lat' dir='ltr'><strong>inhabitato</strong></span> <span class='ocrx_word' id='word_1_109' title='bbox 769 2288 963 2371; x_wconf 83' lang='lat' dir='ltr'><strong>hominibus,</strong></span> <span class='ocrx_word' id='word_1_110' title='bbox 985 2291 1079 2352; x_wconf 87' lang='lat' dir='ltr'><strong>recte</strong></span> <span class='ocrx_word' id='word_1_111' title='bbox 1102 2286 1174 2370; x_wconf 88' lang='lat' dir='ltr'><strong>ejus</strong></span> <span class='ocrx_word' id='word_1_112' title='bbox 1190 2285 1316 2354; x_wconf 85' lang='lat' dir='ltr'><strong>incolae</strong></span> <span class='ocrx_word' id='word_1_113' title='bbox 1339 2290 1419 2352; x_wconf 85' lang='lat' dir='ltr'><strong>sunt</strong></span> 
     </span>
     <span class='ocr_line' id='line_1_16' title="bbox 216 2397 1417 2487; baseline -0.004 -20"><span class='ocrx_word' id='word_1_114' title='bbox 216 2421 236 2467; x_wconf 87' lang='lat' dir='ltr'><strong>e</strong></span> <span class='ocrx_word' id='word_1_115' title='bbox 258 2402 394 2487; x_wconf 84' lang='lat' dir='ltr'><strong>regione</strong></span> <span class='ocrx_word' id='word_1_116' title='bbox 417 2403 511 2468; x_wconf 83' lang='lat' dir='ltr'><strong>Luce</strong></span> <span class='ocrx_word' id='word_1_117' title='bbox 533 2403 690 2470; x_wconf 84' lang='lat' dir='ltr'><strong>anzone</strong></span> <span class='ocrx_word' id='word_1_118' title='bbox 713 2400 904 2483; x_wconf 83' lang='lat' dir='ltr'><strong>nuncupati.</strong></span> <span class='ocrx_word' id='word_1_119' title='bbox 927 2397 1056 2483; x_wconf 78' lang='lat' dir='ltr'><strong>(Cosm.)</strong></span> <span class='ocrx_word' id='word_1_120' title='bbox 1078 2435 1121 2444; x_wconf 94' lang='lat'><strong>—-</strong></span> <span class='ocrx_word' id='word_1_121' title='bbox 1145 2399 1306 2481; x_wconf 80' lang='lat' dir='ltr'><strong>Tempore</strong></span> <span class='ocrx_word' id='word_1_122' title='bbox 1323 2397 1417 2464; x_wconf 84' lang='lat' dir='ltr'><strong>ducis</strong></span> 
     </span>
     <span class='ocr_line' id='line_1_17' title="bbox 217 2512 1418 2598; baseline -0.004 -17"><span class='ocrx_word' id='word_1_123' title='bbox 217 2515 344 2582; x_wconf 87' lang='lat' dir='ltr'><strong>Neclon</strong></span> <span class='ocrx_word' id='word_1_124' title='bbox 367 2515 401 2580; x_wconf 91' lang='lat' dir='ltr'><strong>in</strong></span> <span class='ocrx_word' id='word_1_125' title='bbox 432 2513 636 2598; x_wconf 71' lang='lat' dir='ltr'><strong>compecti</strong></span> <span class='ocrx_word' id='word_1_126' title='bbox 665 2514 789 2580; x_wconf 88' lang='lat' dir='ltr'><strong>dicitnr</strong></span> <span class='ocrx_word' id='word_1_127' title='bbox 819 2513 959 2595; x_wconf 81' lang='lat' dir='ltr'><strong>Tursko,</strong></span> <span class='ocrx_word' id='word_1_128' title='bbox 993 2517 1183 2580; x_wconf 86' lang='lat' dir='ltr'><strong>consertum</strong></span> <span class='ocrx_word' id='word_1_129' title='bbox 1213 2517 1266 2579; x_wconf 85' lang='lat' dir='ltr'><strong>est</strong></span> <span class='ocrx_word' id='word_1_130' title='bbox 1297 2512 1418 2579; x_wconf 86' lang='lat' dir='ltr'><strong>bellum</strong></span> 
     </span>
     <span class='ocr_line' id='line_1_18' title="bbox 216 2625 1417 2710; baseline -0.001 -17"><span class='ocrx_word' id='word_1_131' title='bbox 216 2626 307 2694; x_wconf 90' lang='lat' dir='ltr'><strong>inter</strong></span> <span class='ocrx_word' id='word_1_132' title='bbox 328 2629 468 2694; x_wconf 87' lang='lat' dir='ltr'><strong>Boemos</strong></span> <span class='ocrx_word' id='word_1_133' title='bbox 493 2632 528 2694; x_wconf 85' lang='lat' dir='ltr'><strong>et</strong></span> <span class='ocrx_word' id='word_1_134' title='bbox 550 2629 734 2710; x_wconf 84' lang='lat' dir='ltr'><strong>Luczonos,</strong></span> <span class='ocrx_word' id='word_1_135' title='bbox 757 2626 814 2708; x_wconf 87' lang='lat' dir='ltr'><strong>qni</strong></span> <span class='ocrx_word' id='word_1_136' title='bbox 837 2644 924 2692; x_wconf 88' lang='lat' dir='ltr'><strong>nunc</strong></span> <span class='ocrx_word' id='word_1_137' title='bbox 948 2625 1204 2693; x_wconf 83' lang='lat' dir='ltr'><strong>emoderuisob</strong></span> <span class='ocrx_word' id='word_1_138' title='bbox 1219 2627 1302 2692; x_wconf 91' lang='lat' dir='ltr'><strong>nrbe</strong></span> <span class='ocrx_word' id='word_1_139' title='bbox 1318 2625 1417 2692; x_wconf 82' lang='lat' dir='ltr'><strong>Sotec</strong></span> 
     </span>
     <span class='ocr_line' id='line_1_19' title="bbox 217 2737 1418 2823; baseline -0.006 -14"><span class='ocrx_word' id='word_1_140' title='bbox 217 2739 409 2809; x_wconf 80' lang='lat' dir='ltr'><strong>vocitentur</strong></span> <span class='ocrx_word' id='word_1_141' title='bbox 431 2741 619 2808; x_wconf 88' lang='lat' dir='ltr'><strong>Sotcenses.</strong></span> <span class='ocrx_word' id='word_1_142' title='bbox 642 2740 774 2823; x_wconf 74' lang='lat' dir='ltr'><strong>(Goon.)</strong></span> <span class='ocrx_word' id='word_1_143' title='bbox 816 2777 849 2786; x_wconf 94' lang='lat'>—</span> <span class='ocrx_word' id='word_1_144' title='bbox 882 2738 997 2805; x_wconf 90' lang='lat' dir='ltr'><strong>Boemi</strong></span> <span class='ocrx_word' id='word_1_145' title='bbox 1020 2738 1119 2821; x_wconf 88' lang='lat' dir='ltr'><strong>potiti</strong></span> <span class='ocrx_word' id='word_1_146' title='bbox 1140 2743 1222 2805; x_wconf 84' lang='lat' dir='ltr'><strong>snut</strong></span> <span class='ocrx_word' id='word_1_147' title='bbox 1243 2737 1418 2820; x_wconf 89' lang='lat' dir='ltr'><strong>triumpho,</strong></span> 
     </span>
     <span class='ocr_line' id='line_1_20' title="bbox 217 2848 1418 2936; baseline -0.003 -17"><span class='ocrx_word' id='word_1_148' title='bbox 217 2852 426 2920; x_wconf 87' lang='lat' dir='ltr'><strong>Lucensibus</strong></span> <span class='ocrx_word' id='word_1_149' title='bbox 461 2854 611 2921; x_wconf 88' lang='lat' dir='ltr'><strong>omnibns</strong></span> <span class='ocrx_word' id='word_1_150' title='bbox 645 2848 841 2920; x_wconf 84' lang='lat' dir='ltr'><strong>interfectis.</strong></span> <span class='ocrx_word' id='word_1_151' title='bbox 865 2851 994 2936; x_wconf 76' lang='lat' dir='ltr'><strong>(Coeno.)</strong></span> <span class='ocrx_word' id='word_1_152' title='bbox 1010 2891 1051 2898; x_wconf 96' lang='lat'>—</span> <span class='ocrx_word' id='word_1_153' title='bbox 1070 2850 1217 2918; x_wconf 79' lang='lat' dir='ltr'><strong>Termini</strong></span> <span class='ocrx_word' id='word_1_154' title='bbox 1229 2851 1418 2918; x_wconf 84' lang='lat' dir='ltr'><strong>dioeceseos</strong></span> 
     </span>
     <span class='ocr_line' id='line_1_21' title="bbox 217 2961 1419 3050; baseline -0.001 -19"><span class='ocrx_word' id='word_1_155' title='bbox 217 2965 397 3050; x_wconf 83' lang='lat' dir='ltr'><strong>Progensis</strong></span> <span class='ocrx_word' id='word_1_156' title='bbox 431 2965 636 3033; x_wconf 87' lang='lat' dir='ltr'><strong>occidentem</strong></span> <span class='ocrx_word' id='word_1_157' title='bbox 658 2983 777 3033; x_wconf 89' lang='lat' dir='ltr'><strong>versus</strong></span> <span class='ocrx_word' id='word_1_158' title='bbox 800 2963 846 3029; x_wconf 88' lang='lat' dir='ltr'><strong>hii</strong></span> <span class='ocrx_word' id='word_1_159' title='bbox 870 2969 966 3029; x_wconf 90' lang='lat' dir='ltr'><strong>sunt:</strong></span> <span class='ocrx_word' id='word_1_160' title='bbox 991 2965 1128 3048; x_wconf 76' lang='lat' dir='ltr'><strong>Tngost</strong></span> <span class='ocrx_word' id='word_1_161' title='bbox 1152 2963 1262 3046; x_wconf 83' lang='lat' dir='ltr'><strong>Zelze,</strong></span> <span class='ocrx_word' id='word_1_162' title='bbox 1284 2961 1419 3030; x_wconf 82' lang='lat' dir='ltr'><strong>Zedlico</strong></span> 
     </span>
     <span class='ocr_line' id='line_1_22' title="bbox 218 3077 1045 3176; baseline -0.002 -30"><span class='ocrx_word' id='word_1_163' title='bbox 218 3084 253 3146; x_wconf 90' lang='lat' dir='ltr'><strong>ot</strong></span> <span class='ocrx_word' id='word_1_164' title='bbox 275 3079 422 3176; x_wconf 88' lang='lat' dir='ltr'><strong>Linseno</strong></span> <span class='ocrx_word' id='word_1_165' title='bbox 444 3080 622 3162; x_wconf 84' lang='lat' dir='ltr'><strong>(Lnosone)</strong></span> <span class='ocrx_word' id='word_1_166' title='bbox 646 3085 680 3146; x_wconf 85' lang='lat' dir='ltr'><strong>et</strong></span> <span class='ocrx_word' id='word_1_167' title='bbox 704 3080 839 3145; x_wconf 84' lang='lat' dir='ltr'><strong>Doseno</strong></span> <span class='ocrx_word' id='word_1_168' title='bbox 861 3077 1045 3161; x_wconf 79' lang='lat' dir='ltr'><strong>(Docione).</strong></span> 
     </span>
    </p>
   </div>
   <div class='ocr_carea' id='block_1_4' title="bbox 118 3240 1422 3668">
    <p class='ocr_par' dir='ltr' id='par_1_7' title="bbox 118 3240 1422 3668">
     <span class='ocr_line' id='line_1_23' title="bbox 175 3240 730 3330; baseline -0.007 -18"><span class='ocrx_word' id='word_1_169' title='bbox 175 3240 321 3314; x_wconf 74' lang='lat' dir='ltr'><strong>Luoioo.</strong></span> <span class='ocrx_word' id='word_1_170' title='bbox 343 3243 490 3330; x_wconf 75' lang='lat' dir='ltr'><strong>(Luiice</strong></span> <span class='ocrx_word' id='word_1_171' title='bbox 514 3245 617 3327; x_wconf 78' lang='lat' dir='ltr'><strong>Bydi.</strong></span> <span class='ocrx_word' id='word_1_172' title='bbox 642 3243 730 3329; x_wconf 87' lang='grc'>114.)</span> 
     </span>
     <span class='ocr_line' id='line_1_24' title="bbox 281 3352 1418 3437; baseline -0.004 -16"><span class='ocrx_word' id='word_1_173' title='bbox 281 3361 374 3423; x_wconf 87' lang='grc'><strong>1110.</strong></span> <span class='ocrx_word' id='word_1_174' title='bbox 416 3356 530 3423; x_wconf 92' lang='lat' dir='ltr'><strong>Boemi</strong></span> <span class='ocrx_word' id='word_1_175' title='bbox 563 3355 720 3423; x_wconf 87' lang='lat' dir='ltr'><strong>celeriter</strong></span> <span class='ocrx_word' id='word_1_176' title='bbox 758 3354 908 3422; x_wconf 82' lang='lat' dir='ltr'><strong>exercitu</strong></span> <span class='ocrx_word' id='word_1_177' title='bbox 946 3353 1094 3437; x_wconf 88' lang='lat' dir='ltr'><strong>collecto,</strong></span> <span class='ocrx_word' id='word_1_178' title='bbox 1141 3356 1320 3420; x_wconf 86' lang='lat' dir='ltr'><strong>occurrunt</strong></span> <span class='ocrx_word' id='word_1_179' title='bbox 1358 3352 1418 3417; x_wconf 91' lang='lat' dir='ltr'><strong>Po-</strong></span> 
     </span>
     <span class='ocr_line' id='line_1_25' title="bbox 118 3462 1422 3552; baseline -0.006 -16"><span class='ocrx_word' id='word_1_180' title='bbox 118 3487 121 3492; x_wconf 88' lang='lat'>·</span> <span class='ocrx_word' id='word_1_181' title='bbox 219 3468 315 3544; x_wconf 86' lang='lat' dir='ltr'><strong>lonis</strong></span> <span class='ocrx_word' id='word_1_182' title='bbox 328 3487 369 3535; x_wconf 82' lang='lat' dir='ltr'><strong>ex</strong></span> <span class='ocrx_word' id='word_1_183' title='bbox 391 3469 457 3535; x_wconf 88' lang='lat' dir='ltr'><strong>isto</strong></span> <span class='ocrx_word' id='word_1_184' title='bbox 491 3472 587 3550; x_wconf 81' lang='lat' dir='ltr'><strong>porte</strong></span> <span class='ocrx_word' id='word_1_185' title='bbox 611 3467 716 3534; x_wconf 83' lang='lat' dir='ltr'><strong>amnis</strong></span> <span class='ocrx_word' id='word_1_186' title='bbox 747 3466 886 3550; x_wconf 76' lang='lat' dir='ltr'><strong>Cydline</strong></span> <span class='ocrx_word' id='word_1_187' title='bbox 914 3467 1012 3552; x_wconf 83' lang='lat' dir='ltr'><strong>juxta</strong></span> <span class='ocrx_word' id='word_1_188' title='bbox 1043 3484 1174 3550; x_wconf 83' lang='lat' dir='ltr'><strong>pagum,</strong></span> <span class='ocrx_word' id='word_1_189' title='bbox 1208 3463 1265 3545; x_wconf 87' lang='lat' dir='ltr'><strong>qni</strong></span> <span class='ocrx_word' id='word_1_190' title='bbox 1298 3462 1422 3530; x_wconf 88' lang='lat' dir='ltr'><strong>dicitnr</strong></span> 
     </span>
     <span class='ocr_line' id='line_1_26' title="bbox 221 3565 506 3668; baseline -0.007 -20"><span class='ocrx_word' id='word_1_191' title='bbox 221 3565 354 3648; x_wconf 86' lang='lat' dir='ltr'><strong>Lucico.</strong></span> <span class='ocrx_word' id='word_1_192' title='bbox 376 3582 506 3668; x_wconf 69' lang='lat' dir='ltr'><strong>(cosm.)</strong></span> 
     </span>
    </p>
   </div>
   <div class='ocr_carea' id='block_1_5' title="bbox 53 3705 1217 3941">
    <p class='ocr_par' dir='ltr' id='par_1_8' title="bbox 53 3705 1217 3941">
     <span class='ocr_line' id='line_1_27' title="bbox 53 3705 884 3850; baseline -0.012 -30"><span class='ocrx_word' id='word_1_193' title='bbox 53 3705 56 3711; x_wconf 61' lang='lat'>.</span> <span class='ocrx_word' id='word_1_194' title='bbox 94 3817 97 3822; x_wconf 84' lang='grc'>,</span> <span class='ocrx_word' id='word_1_195' title='bbox 131 3767 133 3772; x_wconf 92' lang='grc'><strong><em>·</em></strong></span> <span class='ocrx_word' id='word_1_196' title='bbox 177 3743 393 3818; x_wconf 74' lang='lat' dir='ltr'><strong>Lnbkovici.</strong></span> <span class='ocrx_word' id='word_1_197' title='bbox 418 3746 634 3833; x_wconf 80' lang='lat' dir='ltr'><strong>(Loukovice,</strong></span> <span class='ocrx_word' id='word_1_198' title='bbox 657 3745 774 3812; x_wconf 82' lang='lat' dir='ltr'><strong>Prech.</strong></span> <span class='ocrx_word' id='word_1_199' title='bbox 792 3744 884 3850; x_wconf 76' lang='grc'><strong>332.)</strong></span> 
     </span>
     <span class='ocr_line' id='line_1_28' title="bbox 282 3856 1217 3941; baseline -0.009 -11"><span class='ocrx_word' id='word_1_200' title='bbox 282 3862 336 3930; x_wconf 82' lang='lat' dir='ltr'><strong>Co.</strong></span> <span class='ocrx_word' id='word_1_201' title='bbox 362 3866 445 3927; x_wconf 88' lang='grc'><strong>1228</strong></span> <span class='ocrx_word' id='word_1_202' title='bbox 469 3858 549 3928; x_wconf 88' lang='lat' dir='ltr'><strong>villo</strong></span> <span class='ocrx_word' id='word_1_203' title='bbox 571 3876 656 3927; x_wconf 87' lang='lat' dir='ltr'><strong>mon.</strong></span> <span class='ocrx_word' id='word_1_204' title='bbox 679 3859 711 3926; x_wconf 88' lang='lat' dir='ltr'><strong>S.</strong></span> <span class='ocrx_word' id='word_1_205' title='bbox 734 3857 871 3941; x_wconf 80' lang='lat' dir='ltr'><strong>Georgii</strong></span> <span class='ocrx_word' id='word_1_206' title='bbox 893 3857 928 3924; x_wconf 92' lang='lat' dir='ltr'><strong>in</strong></span> <span class='ocrx_word' id='word_1_207' title='bbox 951 3875 1042 3939; x_wconf 85' lang='lat' dir='ltr'><strong>prov.</strong></span> <span class='ocrx_word' id='word_1_208' title='bbox 1065 3856 1217 3924; x_wconf 89' lang='lat' dir='ltr'><strong>Bozensi.</strong></span> 
     </span>
    </p>
   </div>
   <div class='ocr_carea' id='block_1_6' title="bbox 178 3994 1423 4340">
    <p class='ocr_par' dir='ltr' id='par_1_9' title="bbox 178 3994 1423 4340">
     <span class='ocr_line' id='line_1_29' title="bbox 178 3994 1053 4112; baseline -0.016 -12"><span class='ocrx_word' id='word_1_209' title='bbox 178 4025 361 4100; x_wconf 76' lang='lat' dir='ltr'><strong>Luhinici.</strong></span> <span class='ocrx_word' id='word_1_210' title='bbox 385 3994 598 4112; x_wconf 84' lang='lat' dir='ltr'><strong>(Lochynice,</strong></span> <span class='ocrx_word' id='word_1_211' title='bbox 621 4023 818 4106; x_wconf 87' lang='lat' dir='ltr'><strong>Lochenioe‚</strong></span> <span class='ocrx_word' id='word_1_212' title='bbox 841 4020 944 4089; x_wconf 75' lang='lat' dir='ltr'><strong>Hroii.</strong></span> <span class='ocrx_word' id='word_1_213' title='bbox 970 4027 1053 4102; x_wconf 84' lang='lat'>135.)</span> 
     </span>
     <span class='ocr_line' id='line_1_30' title="bbox 285 4133 1423 4208; baseline -0.011 1"><span class='ocrx_word' id='word_1_214' title='bbox 285 4142 377 4208; x_wconf 84' lang='lat' dir='ltr'><strong>Soee.</strong></span> <span class='ocrx_word' id='word_1_215' title='bbox 401 4141 479 4207; x_wconf 89' lang='lat' dir='ltr'><strong>XH.</strong></span> <span class='ocrx_word' id='word_1_216' title='bbox 503 4138 615 4207; x_wconf 84' lang='lat' dir='ltr'><strong>thal</strong></span> <span class='ocrx_word' id='word_1_217' title='bbox 640 4155 712 4203; x_wconf 88' lang='lat' dir='ltr'><strong>curn</strong></span> <span class='ocrx_word' id='word_1_218' title='bbox 727 4154 830 4202; x_wconf 83' lang='lat' dir='ltr'><strong>uxore</strong></span> <span class='ocrx_word' id='word_1_219' title='bbox 844 4153 906 4202; x_wconf 86' lang='lat' dir='ltr'><strong>sun</strong></span> <span class='ocrx_word' id='word_1_220' title='bbox 920 4135 1144 4203; x_wconf 59' lang='lat' dir='ltr'><strong>&gt;contulerunt</strong></span> <span class='ocrx_word' id='word_1_221' title='bbox 1164 4153 1248 4200; x_wconf 88' lang='lat' dir='ltr'><strong>mon.</strong></span> <span class='ocrx_word' id='word_1_222' title='bbox 1275 4133 1423 4200; x_wconf 86' lang='lat' dir='ltr'><strong>Dokson.</strong></span> 
     </span>
     <span class='ocr_line' id='line_1_31' title="bbox 221 4245 1421 4340; baseline -0.011 -17"><span class='ocrx_word' id='word_1_223' title='bbox 221 4254 377 4340; x_wconf 79' lang='lat' dir='ltr'><strong>Sywunic</strong></span> <span class='ocrx_word' id='word_1_224' title='bbox 401 4260 436 4320; x_wconf 91' lang='lat' dir='ltr'><strong>et</strong></span> <span class='ocrx_word' id='word_1_225' title='bbox 457 4251 632 4319; x_wconf 90' lang='lat' dir='ltr'><strong>Luhinnio.</strong></span> <span class='ocrx_word' id='word_1_226' title='bbox 655 4288 697 4296; x_wconf 94' lang='lat'><strong>—</strong></span> <span class='ocrx_word' id='word_1_227' title='bbox 715 4254 808 4315; x_wconf 88' lang='grc'><strong>1228.</strong></span> <span class='ocrx_word' id='word_1_228' title='bbox 824 4248 1044 4314; x_wconf 88' lang='lat' dir='ltr'><strong>Wencesious</strong></span> <span class='ocrx_word' id='word_1_229' title='bbox 1066 4247 1092 4313; x_wconf 87' lang='grc' dir='ltr'><strong>Ι.</strong></span> <span class='ocrx_word' id='word_1_230' title='bbox 1108 4265 1168 4313; x_wconf 83' lang='lat' dir='ltr'><strong>rex</strong></span> <span class='ocrx_word' id='word_1_231' title='bbox 1180 4264 1264 4313; x_wconf 92' lang='lat' dir='ltr'><strong>mon.</strong></span> <span class='ocrx_word' id='word_1_232' title='bbox 1281 4245 1421 4327; x_wconf 86' lang='lat' dir='ltr'><strong>Opotov.</strong></span> 
     </span>
    </p>
   </div>
   <div class='ocr_carea' id='block_1_7' title="bbox 225 4359 838 4448">
    <p class='ocr_par' dir='ltr' id='par_1_10' title="bbox 225 4359 838 4448">
     <span class='ocr_line' id='line_1_32' title="bbox 225 4359 838 4448; baseline -0.018 -12"><span class='ocrx_word' id='word_1_233' title='bbox 225 4368 354 4439; x_wconf 82' lang='lat' dir='ltr'><strong>confert</strong></span> <span class='ocrx_word' id='word_1_234' title='bbox 376 4369 459 4434; x_wconf 86' lang='lat' dir='ltr'><strong>duos</strong></span> <span class='ocrx_word' id='word_1_235' title='bbox 482 4365 631 4448; x_wconf 86' lang='lat' dir='ltr'><strong>hospites</strong></span> <span class='ocrx_word' id='word_1_236' title='bbox 654 4359 838 4428; x_wconf 89' lang='lat' dir='ltr'><strong>anhinioi.</strong></span> 
     </span>
    </p>
   </div>
   <div class='ocr_carea' id='block_1_8' title="bbox 180 4510 1421 4712">
    <p class='ocr_par' dir='ltr' id='par_1_11' title="bbox 180 4510 1421 4712">
     <span class='ocr_line' id='line_1_33' title="bbox 180 4510 692 4604; baseline -0.023 -16"><span class='ocrx_word' id='word_1_237' title='bbox 180 4517 324 4604; x_wconf 80' lang='lat' dir='ltr'><strong>Lngov.</strong></span> <span class='ocrx_word' id='word_1_238' title='bbox 348 4515 490 4602; x_wconf 85' lang='lat' dir='ltr'><strong>(thov‚</strong></span> <span class='ocrx_word' id='word_1_239' title='bbox 512 4512 580 4578; x_wconf 83' lang='lat' dir='ltr'><strong>Plz.</strong></span> <span class='ocrx_word' id='word_1_240' title='bbox 603 4510 692 4597; x_wconf 85' lang='grc'><strong>410.)</strong></span> 
     </span>
     <span class='ocr_line' id='line_1_34' title="bbox 286 4618 1421 4712; baseline -0.011 -16"><span class='ocrx_word' id='word_1_241' title='bbox 286 4635 369 4699; x_wconf 82' lang='lat'>1175</span> <span class='ocrx_word' id='word_1_242' title='bbox 393 4626 565 4712; x_wconf 79' lang='lat' dir='ltr'><strong>praedium</strong></span> <span class='ocrx_word' id='word_1_243' title='bbox 588 4625 712 4692; x_wconf 84' lang='lat' dir='ltr'><strong>dictum</strong></span> <span class='ocrx_word' id='word_1_244' title='bbox 735 4623 870 4706; x_wconf 85' lang='lat' dir='ltr'><strong>Lngow,</strong></span> <span class='ocrx_word' id='word_1_245' title='bbox 905 4621 992 4702; x_wconf 86' lang='lat' dir='ltr'><strong>qnod</strong></span> <span class='ocrx_word' id='word_1_246' title='bbox 1021 4619 1198 4687; x_wconf 76' lang='lat' dir='ltr'><strong>Sobeslous</strong></span> <span class='ocrx_word' id='word_1_247' title='bbox 1221 4618 1264 4686; x_wconf 91' lang='grc' dir='ltr'><strong>Π.</strong></span> <span class='ocrx_word' id='word_1_248' title='bbox 1295 4618 1421 4684; x_wconf 85' lang='lat' dir='ltr'><strong>cambio</strong></span> 
     </span>
    </p>
   </div>
   <div class='ocr_carea' id='block_1_9' title="bbox 223 4731 1425 4835">
    <p class='ocr_par' dir='ltr' id='par_1_12' title="bbox 223 4731 1425 4835">
     <span class='ocr_line' id='line_1_35' title="bbox 223 4731 1425 4835; baseline -0.012 -24"><span class='ocrx_word' id='word_1_249' title='bbox 223 4743 315 4826; x_wconf 73' lang='lat' dir='ltr'><strong>penit</strong></span> <span class='ocrx_word' id='word_1_250' title='bbox 337 4761 422 4822; x_wconf 83' lang='lat' dir='ltr'><strong>mon.</strong></span> <span class='ocrx_word' id='word_1_251' title='bbox 445 4738 598 4822; x_wconf 83' lang='lat' dir='ltr'><strong>Plosensi</strong></span> <span class='ocrx_word' id='word_1_252' title='bbox 620 4757 679 4835; x_wconf 87' lang='lat' dir='ltr'><strong>pro</strong></span> <span class='ocrx_word' id='word_1_253' title='bbox 703 4737 767 4803; x_wconf 85' lang='lat' dir='ltr'><strong>olio</strong></span> <span class='ocrx_word' id='word_1_254' title='bbox 791 4733 927 4834; x_wconf 83' lang='lat' dir='ltr'><strong>praedio</strong></span> <span class='ocrx_word' id='word_1_255' title='bbox 950 4731 1102 4831; x_wconf 81' lang='lat' dir='ltr'><strong>Erpozic.</strong></span> <span class='ocrx_word' id='word_1_256' title='bbox 1136 4771 1178 4780; x_wconf 91' lang='lat'><em>-</em></span> <span class='ocrx_word' id='word_1_257' title='bbox 1211 4735 1303 4810; x_wconf 73' lang='lat'>1184.</span> <span class='ocrx_word' id='word_1_258' title='bbox 1328 4732 1425 4810; x_wconf 83' lang='lat' dir='ltr'><strong>Hunc</strong></span> 
     </span>
    </p>
   </div>
   <div class='ocr_carea' id='block_1_10' title="bbox 0 0 1649 5332">
    <p class='ocr_par' dir='ltr' id='par_1_13' title="bbox 0 0 1649 5332">
     <span class='ocr_line' id='line_1_36' title="bbox 0 0 1649 5332; baseline 0 0"><span class='ocrx_word' id='word_1_259' title='bbox 0 0 1649 5332; x_wconf 95' lang='lat' dir='ltr'><strong> </strong></span> 
     </span>
    </p>
   </div>
  </div>
 </body>
</html>
