3270 5340
717 547 895 611 „pp-

233 758 323 820 sorte
347 754 505 819 miracula
522 757 662 822 excedit.
686 758 732 823 Ut
745 757 810 821 alia
823 756 1021 822 omittantur
1036 757 1100 822 fide
1114 757 1275 820 caritura:
1301 760 1434 820 constat

232 870 328 934 attoli
352 869 452 934 colles
484 870 734 935 occursantium
757 863 846 934 inter
877 889 912 935 se
944 869 1091 935 radicum
1122 888 1337 950 repercussu,
1375 875 1433 934 aut

232 983 289 1047 ubi
312 988 429 1048 secuta
459 983 559 1048 tellus
588 1002 652 1048 non
683 989 745 1064 est,
778 1001 876 1048 arcus
907 986 949 1048 ad
985 1001 1093 1047 ramos
1128 1001 1241 1064 usque,
1278 987 1311 1046 ot
1344 982 1433 1062 ipsos

232 1095 321 1160 inter
344 1114 380 1161 se
404 1095 562 1177 rixantes,
587 1095 721 1161 curvari
745 1101 914 1176 portarum
930 1095 1116 1175 patentium
1132 1098 1235 1177 modo,
1252 1100 1289 1159 ut
1305 1100 1431 1159 turmas

234 1209 382 1288 equitum
404 1209 646 1273 transmittant.
671 1206 1290 1307 (11111111111111111111111111111,
1314 1208 1433 1286 ‹pribus

234 1322 339 1385 bonor
360 1323 447 1401 apud
470 1323 635 1386 Romanos
661 1326 851 1402 perpetuus.
875 1320 981 1404 (xvi.
1006 1323 1046 1401 2.)
1138 1294 1149 1309 ⁹
1263 1298 1267 1306 ’

294 1433 335 1498 11
372 1434 590 1516 Hercynio
608 1433 806 1500 Germaniae
835 1434 952 1497 saltu
976 1433 1136 1497 inusitata
1164 1451 1289 1515 genera
1319 1433 1433 1497 alitum

236 1546 432 1629 accepimus,
463 1565 602 1626 quarum
625 1547 756 1628 plumae
779 1547 903 1630 ignium
935 1548 1028 1611 modo
1058 1546 1244 1642 colluceant
1272 1545 1433 1611 noctibus.

237 1659 291 1742 (X.
316 1658 380 1743 67.)

296 1770 324 1822 O.
344 1769 464 1822 Plinii
484 1770 643 1824 Secundi
672 1770 816 1824 Historiae
841 1770 978 1823 naturalis
1007 1769 1072 1823 libri
1090 1769 1231 1839 XXXVII,
1251 1769 1350 1835 scripti
1369 1775 1435 1822 ante

236 1880 338 1920 annum
357 1868 390 1919 79
409 1870 473 1931 post
492 1865 555 1918 Chr.

191 2012 392 2102 Hercynia.
419 2051 456 2061 —
479 2011 699 2081 Marobodui
721 2010 828 2098 regia
851 2010 1129 2097 castellumque.

294 2127 412 2192 1144.
447 2127 517 2192 Ν11
541 2128 641 2191 multo
676 2130 751 2208 post
785 2127 914 2192 Drusus
948 2126 982 2191 in
1016 2125 1184 2208 illyricum
1218 2125 1337 2190 missus
1370 2131 1433 2208 est,
1474 2150 1477 2156 ·

235 2245 273 2304 ut
307 2243 478 2304 suesceret
501 2238 639 2303 militiae
662 2240 838 2319 studiaque
867 2239 1034 2304 exercitus
1059 2243 1194 2319 pararet
1218 2242 1280 2303 etc.
1304 2276 1346 2283 -
1370 2239 1436 2303 Sed

237 2351 338 2417 Suebi
364 2353 674 2432 praetendebantur
691 2351 847 2416 auxilium
869 2353 1032 2418 adversus
1064 2351 1248 2416 Cheruscos
1283 2355 1435 2429 orantes,

237 2484 311 2530 nam
335 2465 484 2530 discessu
514 2464 736 2530 Romanorum
758 2483 797 2528 ac
828 2464 926 2530 vacui
949 2469 1087 2530 externo
1118 2469 1208 2528 metu
1233 2463 1344 2546 gentis
1378 2466 1435 2528 ad-

238 2576 415 2642 suetudine
439 2582 474 2641 et
503 2580 573 2640 tum
595 2576 816 2642 aemulatione
847 2576 971 2658 gloriae
995 2596 1086 2640 anua
1120 2576 1154 2640 11
1185 2595 1221 2642 11
1251 2581 1434 2643 verterant.

236 2689 296 2755 Vis
319 2689 498 2773 nationum,
522 2689 629 2756 virtus
653 2690 770 2754 ducum
794 2690 827 2753 in
851 2707 973 2769 aequ03
1007 2695 1059 2755 111
1083 2690 1319 2755 Maroboduum
1343 2691 1431 2772 regis

236 2821 354 2867 nomen
376 2801 518 2868 invisum
541 2804 629 2882 apud
659 2802 844 2884 populares,
878 2802 1061 2867 Arminium
1093 2821 1152 2882 pro
1183 2801 1343 2868 libertate
1365 2802 1434 2866 bel-

237 2915 362 2979 lantem
384 2913 480 2982 favor
502 2915 656 2980 babebat.

297 3033 349 3092 45.
372 3027 482 3109 Igitur
504 3046 569 3092 non
591 3028 685 3092 modo
710 3028 869 3093 Cherusci
882 3027 1028 3107 sociique
1041 3045 1161 3109 eorum,
1185 3032 1282 3094 uetus
1295 3027 1436 3092 Arminii

238 3142 340 3224 miles,
365 3158 535 3222 sumpsere
559 3140 687 3223 bellum,
712 3142 770 3205 sed
795 3159 813 3206 e
836 3159 938 3224 regno
965 3139 1065 3205 etiam
1088 3140 1282 3205 Marobodui
1306 3141 1436 3205 Suebae

239 3259 366 3338 gentes,
401 3253 582 3318 Semnones
606 3271 645 3317 ac
679 3253 902 3335 Langobardi,
937 3252 1090 3318 defecere
1123 3255 1166 3316 ad
1200 3270 1280 3317 1111.
1306 3252 1431 3336 Quibus

238 3365 363 3431 additis
386 3364 624 3446 praepollebat,
648 3365 682 3428 11
710 3365 939 3448 Inguiomerus
964 3384 1037 3429 cum
1059 3383 1157 3430 manu
1192 3364 1361 3429 clientium
1393 3369 1435 3430 ad

238 3479 474 3543 Maroboduum
507 3477 721 3560 perfugisset,
757 3497 821 3543 non
852 3479 950 3543 aliam
982 3481 1022 3544 ob
1054 3496 1196 3560 causam,
1232 3497 1329 3557 quam
1360 3479 1439 3557 quia

237 3589 353 3655 fratris
378 3589 444 3654 filio
480 3590 593 3657 iuveni
616 3596 754 3672 patruus
787 3610 889 3656 senex
917 3610 1035 3672 parere
1067 3592 1319 3673 dedignabatur.
1343 3591 1439 3656 Deri-

240 3707 366 3785 guntur
389 3703 488 3784 acies,
512 3703 584 3783 pari
607 3704 773 3782 utrimque
796 3721 863 3784 spe,
887 3723 957 3785 nec,
982 3707 1019 3767 ut
1043 3703 1117 3768 olim
1140 3705 1228 3785 apud
1246 3703 1435 3785 Germanos

238 3815 334 3898 vagis
369 3815 558 3880 incursibus
592 3819 652 3879 aut
686 3815 843 3880 disiectas
878 3835 938 3896 per
972 3819 1143 3881 catervas:
1179 3816 1301 3895 quippe
1336 3815 1435 3898 longa

239 3929 416 3993 adversum
439 3945 499 3992 nos
522 3926 641 3992 militia
665 3928 883 3995 insueverant
899 3929 993 4006 sequi
1006 3927 1110 4010 signa,
1135 3927 1291 3993 subsidiis
1304 3928 1438 4011 firmari,

240 4041 331 4106 dicta
354 4039 590 4122 imperatorum
603 4041 764 4121 accipere.
788 4042 837 4105 Ao
853 4046 934 4105 tunc
946 4040 1114 4105 Arminius
1128 4058 1212 4119 equo
1225 4041 1436 4106 conlustrans

242 4156 372 4235 cuncta,
411 4158 448 4216 ut
485 4171 634 4231 quosque
668 4155 829 4218 advectus
864 4158 947 4234 erat,
984 4152 1204 4233 reciperatam
1238 4153 1438 4238 libertatem,

239 4265 424 4330 trucidatas
449 4264 606 4346 legiones,
642 4265 747 4345 spolia
771 4266 878 4330 adhuc
903 4271 937 4330 et
959 4265 1028 4330 tela
1052 4265 1208 4331 Romanis
1241 4268 1381 4348 derepta
1405 4268 1439 4332 in

238 4377 388 4442 manibus
422 4376 600 4440 multorum
630 4380 836 4456 ostentabat3
869 4383 986 4442 contra
1018 4377 1170 4460 fugacem
1202 4380 1439 4446 Maroboduum

237 4489 417 4570 appellans,
430 4487 628 4567 proeliorum
639 4495 817 4571 expertem,
830 4490 1058 4573 Hercyniae
1070 4491 1238 4556 latebris
1251 4491 1419 4558 defensum
1433 4519 1439 4561 :

238 4619 277 4665 11
301 4621 375 4665 mox
398 4619 457 4681 per
488 4604 573 4666 dona
606 4611 641 4667 et
672 4602 856 4685 legationes
888 4603 1050 4684 petivisse
1079 4603 1204 4686 foedus,
1238 4605 1439 4686 proditorem

236 4713 375 4795 patriae,
398 4713 577 4780 satellitem
601 4715 763 4797 Caesaris,
787 4716 874 4781 haud
898 4716 1005 4781 prinus
1029 4716 1168 4782 infensis
1192 4717 1309 4782 arrimis
1327 4721 1436 4781 extur-
