3278 5332
760 468 924 535 -Χ-
1077 478 1098 579 ΙΗ-

230 755 233 762 ¹
267 674 417 757 Quadiue
441 679 655 760 degenerant.
687 678 803 758 anue
831 677 1029 744 Genuaniae
1061 677 1153 742 uelut
1185 676 1277 741 frons
1302 680 1361 758 est,
1386 695 1465 755 qua·

266 792 364 853 tenus
389 790 542 855 Danuuio
566 789 748 872 peragitur.

324 902 544 967 Marcomanis
580 901 771 984 Quadisque
794 921 898 983 usque
921 905 963 968 ad
986 905 1133 966 nostram
1156 900 1343 966 memoriam
1367 922 1465 985 reges

240 992 242 997 ’
264 1033 415 1080 mansere
440 1033 480 1080 ex
504 1019 605 1096 gente
629 1014 781 1095 ipsorum,
809 1016 920 1081 nobile
942 1014 1137 1080 Marobodui
1161 1017 1195 1078 et
1218 1014 1321 1079 Tudri
1346 1034 1467 1097 genua,

266 1127 330 1191 iam
359 1132 393 1191 et
425 1117 580 1192 externos
618 1128 799 1208 patiuntur.
823 1128 888 1194 Sed
923 1128 975 1217 uis
1006 1132 1041 1193 et
1073 1127 1224 1208 potentia
1257 1128 1393 1210 regibus
1427 1148 1467 1194 ex

266 1239 469 1304 auctoritate
507 1239 671 1305 Romana:
715 1259 790 1305 1111
832 1241 931 1306 armis
969 1241 1102 1323 nostrie,
1147 1240 1280 1320 saepius
1326 1231 1466 1321 pecunia

265 1352 432 1434 iuuantur,
455 1371 517 1416 nec
539 1352 646 1418 minus
669 1353 793 1419 ualent.

326 1487 378 1546 43.
401 1482 505 1546 Retro
530 1482 701 1566 Marsigni,
725 1483 843 1564 Cotini,
868 1482 933 1564 Osi,
957 1482 1040 1547 Buri
1062 1486 1160 1565 terga
1183 1485 1466 1549 Marcomanorum

268 1592 520 1676 Quadorumque
544 1595 689 1660 cludunt.
720 1595 749 1659 Ε
780 1595 901 1675 quibus
941 1595 1105 1677 Marsigni
1136 1599 1170 1661 et
1200 1596 1282 1660 Buri
1317 1614 1466 1661 sermone

266 1706 424 1785 cultuque
459 1707 584 1772 Suebos
619 1706 783 1787 referunt3
818 1707 953 1774 Cotinos
988 1707 1124 1789 Gallica,
1160 1706 1243 1772 Osos
1277 1709 1468 1774 Pannonica

263 1817 376 1900 lingua
400 1819 551 1901 coarguit
567 1837 633 1883 111
650 1838 723 1885 esse
748 1819 938 1902 Germanos,
962 1824 997 1886 et
1019 1822 1105 1900 quod
1127 1819 1257 1884 tributa
1284 1821 1466 1901 patiuntur.

262 1932 397 1996 Partem
419 1933 619 1998 tributorum
651 1933 832 2015 Sarmatae,
856 1937 984 2013 partem
1008 1930 1116 2013 Quadi
1139 1936 1176 1997 ut
1200 1931 1395 2014 alienigenis
1419 1935 1465 1999 in·

263 2048 399 2124 ponunt.
416 2045 533 2127 Cotini,
550 2065 612 2125 quo
629 2046 734 2128 magis
751 2048 885 2128 pudeat,
900 2049 932 2110 et
948 2044 1071 2109 ferrum
1087 2043 1256 2129 effodiunt.
1280 2044 1467 2127 Omnesque

263 2156 297 2220 hi
335 2157 447 2237 populi
484 2177 589 2238 pauca
631 2158 873 2240 campestrium,
916 2162 1063 2223 ceterum
1105 2159 1211 2223 saltus
1251 2162 1284 2222 et
1321 2159 1467 2224 uertices

265 2270 420 2334 montium
433 2270 609 2352 iugumque
625 2272 830 2336 insederunt.
853 2271 988 2339 Dirimit
1004 2270 1090 2336 enim
1107 2270 1295 2351 scinditque
1312 2271 1465 2337 Suebiam

266 2381 457 2447 continuum
472 2383 655 2448 montium
671 2383 809 2466 iugum,
821 2383 910 2448 ultra
934 2385 1020 2463 quod
1038 2382 1195 2464 plurimae
1212 2387 1330 2466 gentes
1354 2389 1469 2467 agunt,

267 2512 308 2558 ex
331 2495 450 2574 quibus
474 2496 635 2562 latissime
658 2501 753 2577 patet
777 2496 975 2578 Luegiorum
991 2515 1109 2562 nomen
1125 2495 1159 2560 in
1175 2496 1287 2578 plures
1310 2497 1467 2563 ciuitates

266 2606 426 2672 diffusum.
449 2609 703 2674 Valentissimas
720 2610 907 2674 nominasse
930 2608 1087 2674 sufficiet:
1099 2608 1231 2691 Harios,
1248 2609 1468 2691 HelueconaS,

263 2719 434 2800 Manimos,
458 2721 612 2803 Helisios‚
636 2721 896 2786 Nahanarualos.

325 2848 494 2901 Cornelii
520 2848 648 2902 Taciti
677 2851 735 2916 „De
760 2849 869 2917 origine
889 2855 918 2902 et
937 2849 994 2902 situ
1021 2850 1234 2903 Germanorum“
1253 2851 1324 2904 liber
1343 2867 1414 2904 anuo
1433 2854 1466 2904 98

262 2948 342 3008 post
362 2943 423 2996 0111.
445 2943 573 3011 scriptus.
595 2944 681 3011 (Edit.
703 2945 763 2998 011.
784 2945 887 2998 Halmii
908 2948 975 2998 1867
994 2951 1023 2999 11
1042 2944 1111 2998 Alfr.
1131 2944 1245 2999 Holderi
1265 2945 1353 3011 1882.)

222 3167 331 3237 Albis
354 3167 503 3237 fluvius

325 3284 465 3348 Romani
488 3287 600 3348 autem
631 3289 735 3349 totam
767 3284 1006 3350 occidentalem
1028 3286 1184 3368 Europae
1207 3291 1336 3368 partem
1359 3306 1465 3368 usque

269 3399 311 3460 ad
345 3396 454 3460 Albim
488 3396 631 3479 fiuvium,
670 3397 726 3476 qui
757 3396 967 3462 Germaniam
999 3399 1128 3483 dividit,
1164 3403 1362 3468 revelabant
1385 3402 1464 3487 (14).

326 3510 431 3592 Albis,
456 3511 511 3590 qui
536 3529 608 3575 cum
631 3511 748 3576 Rheno
772 3528 877 3590 paene
908 3511 1039 3591 aequali
1068 3510 1155 3578 linea
1184 3514 1352 3581 Oceanum
1379 3517 1465 3597 petit

168 3624 171 3631 “
265 3628 366 3702 atque
390 3624 446 3690 vix
469 3624 635 3706 minorem,
660 3642 756 3703 quam
779 3623 844 3706 ille,
867 3628 981 3689 111111
1003 3629 1148 3691 tractum
1165 3604 1299 3708 perfluit
1323 3631 1421 3715 (290).

325 3737 474 3816 Suntque
506 3736 607 3802 Suevi
641 3755 723 3818 gens
752 3754 950 3818 permagna,
987 3755 1060 3802 nam
1092 3758 1112 3803 a
1140 3739 1257 3806 Rheno
1288 3762 1393 3823 usque
1422 3747 1464 3810 ad

263 3849 373 3916 Albim
396 3851 492 3914 sedes
516 3849 661 3928 habent,
694 3848 756 3913 imo
788 3867 865 3929 pars
890 3867 1001 3914 eorum
1024 3854 1058 3914 et
1081 3852 1170 3915 ultra
1192 3852 1301 3919 Albim
1325 3855 1464 3938 habitat,

265 3963 394 4027 scilicet
417 3961 640 4027 Hermunduri
663 3965 698 4027 et
722 3961 943 4044 Langobardi.
967 3963 1065 4046 (291.)

324 4075 439 4140 Distat
477 4075 614 4139 Rhenus
651 4077 692 4139 ab
727 4074 804 4139 Albi
844 4073 979 4141 circiter
1012 4081 1096 4141 3000
1131 4078 1258 4160 stadiis
1292 4081 1462 4147 dummodo

262 4188 425 4254 directam
449 4188 523 4254 viae
546 4187 667 4252 lineam
688 4186 850 4252 habueris
876 4187 976 4272 (292.)

328 4299 527 4352 Strabonis
548 4298 773 4367 „Geographica“
795 4297 900 4365 scripta
920 4314 959 4352 ca.
979 4303 1131 4354 11111120
1151 4317 1174 4354 a.
1195 4301 1256 4354 Chr.

323 4413 410 4478 Proh
434 4412 480 4477 dii
503 4411 594 4476 bonit
626 4411 749 4494 Quanti
780 4411 953 4476 voluminis
992 4431 1092 4494 opera
1115 4414 1305 4495 insequenti
1332 4425 1464 4486 aestate

262 4526 320 4589 sub
355 4527 439 4590 duce
471 4524 602 4590 Tiberio
635 4525 779 4589 Caesare
808 4523 988 4603 gessimusl
1022 4527 1235 4594 Perlustrata
1262 4532 1362 4598 armis
1390 4537 1463 4597 1111

261 4635 438 4701 Germania
474 4641 525 4701 est
541 4688 547 4701 .
565 4687 594 4701 ..
633 4635 733 4702 fracti
755 4637 993 4721 Langobardi,
1032 4658 1114 4723 gens
1157 4643 1257 4709 etiam
1297 4645 1461 4712 Germana
