3278 5332
712 1386 831 1488 Pars
867 1386 1037 1521 prima.

282 1749 306 1840 Ι.
341 1749 550 1867 Excerpta
582 1750 914 1844 exauctoribus
946 1749 1120 1866 praecis
1153 1758 1198 1845 et
1247 1754 1443 1847 romanis.

252 2024 423 2112 Orcynin,
447 2025 637 2114 Hercynia
659 2026 768 2096 silva.

356 2139 406 2205 Ac
430 2139 493 2204 fuit
517 2146 618 2206 antea
641 2146 781 2224 tempus,
814 2161 887 2206 cmn
911 2141 1094 2206 Gemranos
1120 2140 1208 2207 Galli
1238 2142 1367 2207 virtute
1396 2160 1490 2223 supe-

295 2258 419 2334 rorent,
451 2254 539 2318 ultro
572 2255 660 2319 bella
680 2254 855 2336 inferrent,
889 2262 1027 2334 propter
1059 2254 1225 2319 hominum
1248 2254 1493 2320 multitudinem

294 2364 433 2445 agrique
457 2365 599 2445 inopiam
622 2369 717 2430 trans
740 2366 892 2431 Rhenum
916 2367 1061 2431 colonias
1085 2366 1267 2432 mitterent.
1302 2367 1421 2447 Itaque
1446 2385 1494 2448 11,

294 2495 380 2556 quae
418 2476 624 2542 fertilissima
648 2479 847 2544 Germaniae
871 2484 957 2562 sunt,
991 2480 1064 2544 loca
1089 2480 1212 2544 circum
1250 2480 1494 2561 Hercyniam

261 2670 265 2678 ,
295 2589 446 2673 silvam,
468 2609 567 2669 quam
589 2590 808 2656 Eratostheni
827 2595 863 2656 et
887 2591 1082 2671 quibusdam
1103 2591 1242 2658 Graecis
1264 2591 1351 2658 fama
1382 2597 1495 2656 notam

296 2703 489 2785 essevideo,
514 2722 610 2782 quam
630 2703 678 2767 illi
702 2702 905 2784 Orcyniam
929 2704 1108 2786 appellant,
1139 2705 1263 2770 Volcae
1289 2707 1493 2789 Tectosages

298 2821 545 2896 occupauerunt
567 2821 668 2895 atque
692 2816 738 2881 ibi
761 2818 994 2881 consederunt.
1019 2816 1112 2897 (pirae
1137 2836 1220 2900 gens
1236 2819 1494 2899 adhoctempus

295 2927 347 2991 his
371 2930 505 2994 sedibus
530 2947 604 2994 sese
630 2929 788 3011 continet,
812 2947 1033 3007 summamque
1056 2931 1159 2996 habet
1188 2931 1340 2995 iustitiae
1364 2935 1397 2996 et
1426 2931 1494 2997 bel-

295 3039 379 3104 licae
402 3041 511 3105 laudis
535 3041 727 3122 opinionem.
752 3042 856 3123 Nunc,
880 3043 968 3120 quod
990 3041 1025 3105 in
1050 3044 1163 3107 eadem
1187 3043 1306 3126 inopia,
1331 3048 1493 3126 egestate,

296 3153 470 3235 patientia,
494 3173 559 3233 qua
583 3154 695 3237 (ante),
719 3153 877 3219 Germani
892 3159 1096 3236 permanent,
1121 3158 1235 3222 eodem
1247 3157 1338 3221 victu
1356 3161 1389 3220 et
1403 3157 1494 3221 cultu
1528 3243 1531 3248 .

297 3265 443 3344 corporis
468 3270 616 3331 utuntur.
652 3266 756 3331 Gallis
780 3271 891 3332 autem
922 3266 1169 3347 provinciarum
1197 3268 1427 3348 propinquitas
1458 3274 1493 3332 et

296 3377 592 3442 transmarinarum
614 3397 724 3442 rerum
759 3377 881 3443 notitia
911 3378 1014 3442 multa
1044 3380 1087 3441 ad
1118 3379 1244 3459 copiam
1274 3385 1375 3459 atque
1411 3399 1491 3445 usus

298 3489 449 3571 largitur,
473 3489 634 3570 paulatim
657 3490 839 3553 assuefacti
864 3490 1015 3570 superari
1038 3489 1216 3569 multisque
1246 3491 1328 3557 victi
1358 3492 1492 3573 proeliis

296 3620 337 3666 ne
362 3619 397 3666 se
422 3601 552 3681 quidem
574 3600 636 3682 ipsi
662 3601 822 3666 cumillis
845 3602 973 3668 virtute
997 3607 1198 3684 comparant.

356 3713 702 3796 HuiusHereyniae
726 3714 861 3797 silvae,
885 3717 1396 3800 (quaesuprademonstratuesq
1420 3718 1493 3782 lati-

296 3829 375 3891 tudo
399 3845 517 3891 uovem
540 3825 668 3891 dierum
691 3814 757 3892 iter
779 3829 934 3909 expedito
958 3833 1070 3909 patet3
1093 3848 1159 3894 non
1183 3828 1269 3893 euim
1292 3830 1391 3895 aliter
1406 3830 1494 3895 finiri

295 3943 415 4021 potest,
439 3956 548 4017 neque
570 3956 743 4004 mensuras
767 3938 924 4004 itinerum
947 3946 1121 4007 noverunt.
1158 3940 1274 4005 Oritur
1297 3945 1338 4007 ab
1369 3942 1491 4009 Helve-

294 4052 415 4116 tiorum
439 4055 473 4116 et
496 4051 670 4116 Nemetum
702 4057 737 4116 et
760 4053 978 4117 Rauricorum
1008 4052 1137 4135 finibus,
1159 4056 1319 4132 rectaque
1349 4054 1491 4121 fluminis

293 4164 440 4230 Danuvii
464 4163 600 4246 regione
625 4164 772 4244 pertinet
796 4165 839 4228 ad
861 4164 944 4230 fines
968 4165 1134 4229 Dacorum
1151 4168 1186 4228 et
1198 4164 1394 4246 Anartium3
1415 4167 1492 4231 hinc

295 4296 332 4342 se
354 4277 460 4342 flectit
491 4276 704 4342 sinistrorsus
736 4276 877 4343 diversis
908 4280 949 4343 ab
980 4277 1113 4342 flumine
1147 4276 1348 4360 regionibus
1375 4279 1493 4344 multa-

294 4408 433 4468 rumque
456 4386 605 4472 gentium
628 4388 712 4454 fines
745 4394 881 4470 propter
904 4389 1164 4472 magnitudinem
1195 4389 1350 4473 attingit3
1383 4410 1493 4472 neque

296 4501 466 4581 quisquam
491 4507 543 4567 est
565 4501 663 4567 huius
688 4501 895 4585 Germaniae,
919 4502 976 4582 qui
999 4522 1035 4568 se
1058 4502 1130 4586 (aut
1153 4503 1299 4587 audisse)
1313 4509 1372 4568 aut
1384 4505 1493 4570 adisse

294 4616 337 4678 ad
360 4613 490 4678 initium
514 4615 585 4679 eius
610 4614 715 4680 silvae
739 4615 837 4696 dicat,
862 4634 933 4680 cum
958 4616 1085 4681 dierum
1108 4616 1175 4682 iter
1197 4616 1260 4681 LX
1280 4618 1493 4699 processerit,

292 4731 360 4808 aut,
383 4744 447 4805 quo
471 4744 512 4791 ex
534 4727 605 4791 loco
629 4728 765 4810 oriatur,
798 4728 977 4808 acceperit.
1019 4729 1193 4808 Multaque
1224 4731 1259 4794 in
1294 4749 1333 4795 ea
1368 4748 1492 4812 genera

297 4863 390 4914 urcem,
403 4863 497 4914 Topogr.
512 4861 584 4904 Boem.
1356 4850 1370 4904 Ι
