3278 5332
730 592 904 652 ..91-

203 782 401 857 Niriovaue.
424 789 464 871 (P)

251 938 257 944 -
307 907 400 969 1186.
423 902 607 988 Vicinatue,
642 906 697 986 qui
732 926 804 973 cunr
835 910 1017 976 castellano
1052 913 1093 975 de
1118 911 1248 977 Dudlob
1280 909 1445 976 distermi-

245 1014 374 1082 nationi
397 1017 525 1098 praedii
547 1018 683 1084 Zazicilr
707 1020 829 1086 adluit:
854 1021 1057 1088 Niclrowani.

201 1201 427 1293 Niuunburg
449 1207 563 1293 (Urbs
586 1226 683 1278 nova
706 1208 879 1297 Bolizlai)
903 1212 979 1279 vide
1003 1210 1193 1282 Boleslav.

190 1365 446 1447 'Novakovioi
470 1354 707 1459 (Novakovica
730 1377 819 1443 Klat.
844 1377 928 1461 365.)

306 1484 398 1553 Sacc.
422 1486 499 1552 XII.
523 1487 611 1553 Villa
634 1507 716 1554 mon.
740 1489 772 1557 S.
796 1488 933 1571 Georgii
956 1489 991 1554 in
1014 1509 1106 1571 prov.
1130 1488 1296 1554 Plznensi.

201 1670 304 1744 Nove
326 1672 436 1744 Sedlo
460 1677 501 1761 (Ρ)

307 1795 485 1857 roei-ee.
509 1790 710 1857 Wratislaus
733 1792 777 1857 Π.
789 1810 871 1858 mon.
896 1791 1027 1859 Ostrov.
1051 1791 1192 1857 contulit
1215 1792 1335 1874 villam,
1359 1811 1444 1872 quae

245 1900 368 1968 dicitur
390 1904 484 1970 Noue
507 1904 614 1970 Sedlo.

201 2082 365 2153 Nuonici.
400 2084 558 2169 (Nucnice
589 2090 648 2151 aut
671 2085 844 2169 Nrrcnitky
858 2086 1121 2169 :Nutschnitz‚
1145 2086 1209 2152 lit.
1232 2091 1273 2151 43
1298 2092 1357 2152 aut
1381 2089 1443 2169 71.)

305 2198 359 2264 Ca.
385 2203 477 2263 1057.
493 2197 678 2264 Nuclinicilr
700 2198 893 2284 (Nucnicih)
914 2199 993 2264 Mali
1006 2218 1079 2264 cum
1092 2204 1193 2282 terra,
1216 2198 1441 2266 ministerialis

241 2311 321 2375 eccl.
344 2311 512 2377 Lutomer.

199 2472 362 2543 Nuntioi.
386 2476 534 2558 (Nucioe,
556 2476 640 2540 Rak.
666 2476 727 2555 16.)
1400 2574 1403 2582 Ι

303 2593 483 2654 1037-55.
517 2589 709 2671 Nunoycyh,
748 2588 804 2654 coi
843 2591 998 2654 custodes
1032 2589 1179 2670 capellae
1214 2588 1249 2654 in
1275 2589 1440 2670 Spelunca

241 2699 272 2766 S.
295 2700 435 2767 Joannis
459 2701 557 2782 Bapt.

198 2863 383 2935 Nutovici.
407 2865 593 2950 (Netovice
616 2865 700 2931 Rak.
726 2862 788 2949 14.)

301 2983 392 3045 1045.
416 2978 606 3045 Brecislaus
629 2978 654 3043 Ι.
677 2997 760 3042 mou.
784 2979 950 3046 Brevnov.
974 2977 1115 3043 contulit
1147 2978 1326 3045 Nutouicilr
1350 2979 1441 3044 ‹linri-

199 3138 202 3142 -
236 3091 325 3158 diam
347 3092 468 3160 villain.
490 3129 532 3138 -
555 3090 643 3158 Villa
665 3111 748 3156 mon.
772 3091 804 3155 S.
828 3088 965 3173 Georgii
987 3090 1021 3154 in
1043 3110 1135 3172 prov.
1159 3093 1259 3175 Prag.

196 3280 354 3352 oooffi.
377 3282 531 3368 (Obodrl,
554 3282 624 3347 Bol.
648 3281 714 3367 el.)

302 3400 393 3461 1052.
416 3398 457 3461 de
475 3394 580 3463 Obodi
596 3413 711 3461 seruus
729 3394 807 3459 eccl.
824 3392 988 3460 Boleslav.
1001 3394 1190 3460 destinatus
1213 3397 1256 3460 ad
1272 3394 1439 3460 torculare

240 3508 419 3575 colendum.

196 3697 330 3784 Obora,
353 3696 544 3769 circuitus,
568 3699 700 3785 (obora,
723 3698 792 3763 Plz.
815 3697 902 3783 408.)

301 3817 393 3878 1175.
424 3813 600 3879 sobeslaus
635 3815 677 3880 H.
711 3832 794 3879 mon.
828 3814 916 3879 Plau.
944 3817 1046 3879 donat
1077 3812 1251 3880 circuitum
1286 3813 1438 3896 Obuiam,

238 3925 391 3993 Kretkov
420 3931 456 3992 et
484 3928 656 4012 Bahman,
686 3948 759 3993 cunr
787 3927 894 4008 pratis
928 3932 962 3993 et
989 3927 1094 4009 aquis,
1122 3946 1208 4006 quae
1240 3931 1318 3992 erint
1351 3926 1439 3991 iufra

241 4041 379 4107 eundem
404 4040 584 4107 circuitum.

195 4228 306 4299 Otto.
342 4229 357 4295 Ρ

298 4230 456 4410 Οὲ.)1088.
473 4341 676 4409 Wladislaus
692 4341 735 4407 II.
753 4342 831 4408 eccl.
848 4344 1062 4426 Wyssegrad.
1080 4340 1209 4408 (confert
1222 4361 1252 4407 w
1266 4341 1436 4407 Tetiosoe:

236 4456 352 4522 Obrini
374 4458 417 4521 de
438 4460 531 4522 terra
554 4456 653 4520 adil
676 4460 789 4522 aratra
814 4476 887 4522 cunr
909 4459 1035 4522 duobus
1058 4455 1202 4536 picariis.

194 4645 348 4734 ooytce.
372 4646 525 4732 (Obytce
548 4645 637 4712 Klat.
663 4646 750 4730 365.)

298 4760 476 4834 saeoXII.
489 4758 710 4829 villarceau.
728 4759 865 4843 Georgii
880 4758 914 4825 iu
930 4759 1103 4841 provincia
1119 4758 1301 4833 Plizrrensi:
1318 4756 1438 4834 Obitci.
