3278 5332
727 492 901 553 ..22-

238 693 366 762 difficili
394 695 550 778 transitu,
573 688 822 780 propinquaret,
846 715 887 761 ex
901 695 1117 780 alteraparte
1130 694 1272 764 fluminis
1287 695 1436 765 exercitu

237 817 440 892 congregato
464 812 531 874 dux
561 811 755 876 Boemorum
778 807 959 892 residebat,
993 809 1049 890 qui
1072 809 1260 876 Boleslaum
1283 809 1337 895 ibi,
1370 829 1435 878 non

236 939 338 988 ausus
362 921 451 1004 alibi,
486 908 685 989 difficultate
718 921 782 989 loci
816 921 968 1005 ¹confisus,
1002 922 1184 990 transitum
1207 922 1435 1006 prohibiturus

237 1039 464 1117 exspectabat.
496 1034 610 1121 (Mart.
643 1035 740 1121 Gall.)
774 1035 868 1102 Siout
902 1033 1019 1101 Poloni
1052 1039 1146 1103 ruodo
1180 1055 1312 1103 sursum
1341 1040 1435 1104 modo

237 1151 391 1215 deorsum
423 1148 571 1215 transim
613 1152 825 1232 reputabant,
860 1168 901 1215 ex
935 1150 1043 1215 altera
1080 1155 1177 1232 parte
1210 1151 1352 1218 fluminis
1389 1151 1438 1218 ita

237 1261 373 1328 Buhemi
396 1266 513 1328 eontra
536 1266 680 1329 stabant.
718 1262 804 1328 Erat
835 1263 920 1329 enim
948 1262 1069 1329 fluvius
1100 1263 1288 1348 paludosus,
1321 1270 1438 1333 tantae

237 1374 442 1442 multitudini
464 1375 553 1442 nullo
577 1375 758 1443 resistente
782 1375 997 1458 periculosus.
1020 1376 1093 1461 (Id.)

195 1538 338 1609 Crmna.
362 1540 480 1622 (Rufus
505 1545 635 1626 puteus,
659 1521 807 1625 demna,
830 1541 1067 1625 Leukersdori‚
1089 1541 1155 1608 Lit.
1179 1541 1242 1628 56.)

302 1659 393 1720 1163.
417 1655 620 1722 Wladislaus
644 1655 688 1721 ΙΙ.
711 1654 868 1737 hospitali
891 1655 922 1722 S.
945 1655 1087 1721 Joannis
1103 1654 1196 1722 Hier.
1213 1656 1304 1722 dedit
1321 1657 1438 1723 silvam

237 1768 401 1848 quandam
423 1768 539 1834 usibus
563 1769 707 1851 ipsorum
738 1769 962 1837 neeessariam
980 1770 1079 1852 juxta
1109 1768 1272 1852 Olesnioe,
1304 1775 1437 1852 proten-

211 1882 372 1947 dentem
395 1880 429 1946 in
459 1881 601 1947 medium
623 1887 767 1949 montem
801 1883 956 1966 Ohwojen
979 1884 1022 1947 ad
1055 1881 1191 1948 fluvium
1225 1882 1281 1962 qui
1316 1883 1439 1950 dieitur

240 1994 401 2076 Lupuhoe
425 1999 458 2061 et
493 1997 535 2061 ad
569 1995 681 2063 villam
705 1995 815 2062 Cannio
846 2001 881 2061 et
912 1998 955 2061 ad
984 1995 1152 2078 Prooetin,
1187 1995 1306 2062 deinde
1334 2015 1439 2077 usque

62 2208 65 2215 Ι
142 2144 153 2176 -,
241 2109 327 2175 Taso
351 2112 385 2174 et
408 2111 562 2175 tunoad
596 2108 719 2175 Rufum
748 2110 892 2175 Puteum
923 2102 957 2175 et
989 2108 1045 2174 sio.
1064 2110 1233 2194 jacentem
1263 2129 1368 2191 usque
1398 2113 1441 2176 ad

240 2220 365 2291 dietum
387 2221 522 2287 fluvium
546 2223 714 2306 Lubuhee,
738 2222 795 2289 ubi
817 2221 958 2304 sumpsit
981 2221 1120 2288 initium.

301 2333 608 2403 Chwojen—OhvoJ'no:
624 2332 715 2403 Kehn,
733 2333 788 2388 Lit.
810 2337 850 2388 57.
871 2333 1212 2389 Lubuhoe-Libouoheo:
1232 2333 1441 2406 Kdnigswalde,

242 2427 305 2483 Lis:
319 2432 360 2484 59.
380 2429 452 2484 Taso
464 2449 494 2480 :
506 2429 648 2486 Tseheohe
667 2430 703 2484 ib.

60 2646 67 2667 .-
198 2602 312 2674 Grnin
335 2601 433 2673 silva
456 2605 494 2673 et
516 2601 618 2673 villa.
643 2584 778 2689 (Coruin
801 2606 843 2670 ad
865 2604 992 2671 Kraldv
1015 2605 1118 2688 Dvor,
1140 2606 1216 2672 Ber.
1241 2605 1327 2689 273.)

191 2734 194 2739 ·
304 2723 396 2784 1039.
420 2717 610 2785 Breoislaus
633 2719 658 2784 Ι.
690 2717 823 2785 Polonis
854 2720 895 2785 de
919 2717 1057 2784 castello
1088 2717 1180 2785 (ideo
1210 2717 1245 2784 in
1275 2718 1442 2786 Boemiam

241 2830 413 2913 perductis
437 2833 496 2897 dat
512 2836 641 2912 partem
657 2830 772 2914 silvae,
795 2850 881 2912 quae
897 2834 1037 2897 vocatur
1053 2830 1167 2915 Ornin,
1190 2851 1255 2898 non
1271 2831 1441 2898 modicam.

242 2943 374 3030 (Cosm.)
405 2983 448 2991 -
478 2943 668 3011 Breoislaus
693 2945 718 3010 I.
741 2964 824 3011 mon.
848 2944 979 3011 Ostrov.
1002 2943 1096 3010 dedit
1128 2944 1294 3028 Cyrninye
1318 2949 1443 3012 terram
1531 3017 1532 3020 Ἴ

241 3060 285 3124 ad
306 3058 355 3124 IV
386 3060 509 3123 aratra.

196 3218 365 3294 Crnkov.
387 3224 563 3307 (Cernkov,
587 3224 663 3290 Ber.
687 3223 772 3309 269.)

305 3342 398 3404 1228.
421 3336 564 3404 Oirnkov
588 3337 669 3403 villa
691 3356 775 3403 mon.
798 3336 829 3404 S.
854 3334 999 3420 Georgii.

159 3529 162 3535 “
200 3526 375 3600 arnonas.
398 3507 521 3614 (derna
542 3528 613 3595 aar
626 3556 667 3584 =
680 3527 911 3611 osmannae,
934 3526 1004 3593 ruz.
1025 3525 1114 3611 407.)

304 3644 358 3710 Oa.
383 3648 476 3709 1193.
510 3641 632 3708 Detleb
666 3641 768 3710 filius*
788 3639 963 3722 Gumpoldi
996 3644 1067 3706 tres
1100 3637 1197 3706 villas
1235 3638 1328 3704 dedit
1361 3657 1444 3705 mon.

243 3754 336 3823 Plas:
361 3755 554 3839 Soernogat.

305 3867 413 3938 (Quoad
433 3867 549 3922 formam
567 3867 661 3922 oonier
681 3866 903 3934 Cernodubsul,
924 3855 1060 3920 Cernodol
1079 3862 1149 3930 313.)

69 4049 96 4107 .’
152 4100 154 4105 .
201 4037 376 4112 (lunatici.
399 4020 593 4127 (dernutky.
616 4043 719 4125 Bydd.
744 4046 804 4106 131
829 4043 888 4105 aut
910 4040 1014 4105 Hrad.
1039 4036 1122 4120 136.)

306 4159 486 4221 1135-39.
514 4154 662 4222 Joannes
693 4173 743 4236 ep.
766 4155 864 4237 Prag.
887 4171 970 4218 mon.
1001 4151 1143 4217 Strahov
1173 4148 1303 4215 confert
1333 4147 1445 4214 Cirno-

244 4267 327 4335 tioih
350 4272 509 4349 quantum
531 4269 643 4335 habet.

203 4455 395 4528 Ornovioe.
419 4437 647 4542 (bernovitky,
670 4457 754 4524 Rak.
780 4458 842 4542 14.)

307 4577 399 4638 1178.
445 4571 622 4640 Sobeslaus
675 4571 719 4638 II.
767 4570 845 4637 eool.
897 4569 1094 4656 wysegrad.
1147 4565 1240 4636 dedit
1285 4563 1445 4634 cornerio

246 4685 352 4757 LXX.
371 4686 501 4776 jugera.
