3278 5332
520 1359 578 1455 iii.
612 1363 793 1456 Notitiae
826 1364 985 1458 saoouii
1018 1364 1122 1457 limi.

199 1583 323 1671 Praga
345 1585 578 1656 Boemiorum
602 1587 704 1656 urbs.
730 1627 766 1635 -
798 1587 976 1658 Boemiae.

300 1705 371 1765 928.
409 1702 491 1766 Post
528 1702 611 1767 haee
649 1701 828 1768 Heinrious
869 1721 929 1768 rex
966 1701 1001 1787 (e
1038 1701 1251 1767 Dalamantia
1288 1701 1443 1787 veniens)

239 1814 382 1896 Pragam
406 1814 490 1880 adiit
513 1815 688 1880 cumomni
705 1815 863 1898 exercitu,
887 1815 1095 1880 Boemiorum
1117 1817 1241 1896 urbem,
1263 1833 1442 1897 regemque

238 1927 309 2008 ejus
326 1925 360 1990 in
376 1927 577 1992 deditionem
594 1926 732 2008 aceepit.
750 1926 902 1992 Boemias
919 1927 1116 1992 tributarias
1131 1926 1268 2009 faciens
1284 1946 1440 1993 reversus

239 2039 347 2105 estin
372 2039 556 2106 Saxoniam.

298 2151 476 2219 (Widukindi
492 2153 621 2206 Rerum
641 2157 827 2221 gestarum
849 2152 1104 2206 saxonicarum
1120 2151 1214 2205 libri
1233 2160 1318 2221 tres,
1338 2151 1436 2219 scripti

237 2260 276 2300 oo.
297 2262 398 2301 annum
417 2250 475 2302 967.
495 2247 517 2300 Ι.
537 2250 592 2315 35.)

192 2445 291 2516 Urbs
314 2445 521 2533 subreguli.

294 2566 366 2626 936.
390 2561 535 2626 Bolizlai'
566 2562 685 2627 timens
720 2562 784 2627 sibi
820 2561 964 2630 vioiuum
1006 2562 1229 2644 subregulum,
1274 2581 1311 2627 eo
1346 2563 1433 2641 quod

233 2674 402 2755 paruisset
434 2674 581 2755 imperiis
605 2652 779 2758 Saxonum,
795 2669 798 2675 ’
813 2674 933 2740 indixit
957 2675 987 2740 ei
1018 2675 1148 2741 bellum.
1187 2663 1373 2756 Qui'misii·
1408 2673 1440 2738 iu

236 2786 412 2853 Suxoniam
436 2789 478 2852 ad
503 2788 746 2869 expostulanda
770 2788 833 2852 sibi
856 2787 988 2852 aroxilia.
1012 2786 1163 2851 Mittitur
1178 2791 1291 2852 autern
1305 2786 1335 2852 ei
1358 2786 1438 2851 Asie

236 2918 308 2964 oum
341 2899 472 2984 legione
503 2901 784 2967 Mersaburiorum
820 2905 854 2966 et
888 2901 1000 2996 valida
1033 2918 1132 2965 manu
1167 2900 1438 2982 Hassiganorum,

234 3013 434 3093 additurque
459 3013 489 3079 ei
512 3014 680 3080 exereitus
705 3013 957 3097 Thuriugorum.
988 3051 1031 3059 —
1061 3011 1207 3078 Bolizlaf
1226 3031 1370 3095 pergens
1394 3015 1437 3078 ad

235 3127 350 3191 urbem
373 3126 552 3208 subreguli,
587 3127 690 3209 primo
721 3144 793 3191 eam
823 3103 940 3208 innetu
964 3126 1053 3207 oepit
1090 3130 1251 3206 utusque
1276 3125 1310 3190 in
1343 3125 1436 3190 hodi-

233 3255 347 3302 ernum
370 3237 456 3304 diem
481 3238 692 3304 solitudinem
713 3237 803 3304 feeit.

295 3349 462 3417 (Widulrind
480 3349 516 3402 Il.
537 3352 573 3417 3.)
612 3364 615 3369 ·

191 3549 289 3619 Urbs
312 3568 417 3619 nova.

295 3671 366 3731 950.
390 3666 451 3732 illo
474 3673 624 3749 tempore
647 3686 706 3733 rex
731 3665 809 3730 Otto
832 3663 1053 3747 proficiscitur
1080 3664 1114 3729 in
1137 3663 1286 3729 militiam
1320 3668 1438 3729 eontra

235 3778 440 3844 Boiiolavum
472 3798 585 3863 regem
618 3778 832 3860 Boemiorum‚
868 3782 902 3843 et
932 3795 1005 3843 eum
1035 3776 1197 3858 capienda
1228 3780 1318 3842 esset
1348 3780 1437 3858 urbe,

234 3908 318 3969 (tuae
342 3895 598 3972 nuncupabatur
620 3891 724 3975 Nova,
749 3891 782 3955 in
800 3910 866 3971 qua
882 3891 1014 3955 elausus
1038 3889 1252 3956 obsidebatur
1274 3888 1437 3955 Boiizlavi

233 4002 329 4085 filius,
353 4003 509 4085 prrodenti
533 4022 592 4067 rex
615 4004 750 4068 oonsilio
776 4002 908 4067 diremit
931 4002 1099 4083 proelium.

293 4114 457 4183 (morumne
476 4115 512 4167 u.
532 4116 569 4182 s.)

197 4286 339 4387 Beheim
352 4287 583 4357 suburbium
606 4286 861 4373 Niuueuburg.

293 4403 445 4484 Diploma
469 4401 602 4466 Ottonis
624 4401 650 4465 Ι.
673 4400 762 4483 regis
786 4403 900 4466 datum
915 4420 943 4465 a.
960 4401 998 4464 Ι).
1016 4403 1078 4463 950
1105 4397 1259 4477 „Belreim
1276 4399 1434 4464 suburbio

234 4515 480 4597 Niuuenburg“.

293 4627 374 4698 (Mon.
394 4626 501 4694 Boioa.)
521 4657 554 4664 —
572 4625 596 4677 N
604 4641 667 4680 uva
687 4629 748 4678 erat
766 4624 814 4677 illo
833 4629 956 4691 ternpore
967 4622 1207 4677 eivitasBoleslov
1224 4637 1306 4690 somer
1324 4622 1434 4677 Albium

232 4722 299 4792 (vid.
318 4739 382 4792 pag.
404 4722 456 4789 11).
