3278 5332
751 581 941 642 -171-

225 780 358 867 zanni,
381 783 491 867 porta
513 780 740 866 provinciae.
764 782 1229 865 (ua110r=s01101·s0n,13uo.
1254 781 1340 866 311.)

333 902 423 961 1186.
447 896 625 962 Praedium
658 897 748 961 intra
779 898 914 962 Portam
949 895 1150 978 provinciae,
1175 896 1227 961 oui
1264 914 1382 961 nomen
1417 900 1469 960 est

267 1008 464 1091 Zazioioh,
499 1011 585 1089 quod
609 1028 629 1074 a
652 1028 733 1091 rege
765 1009 949 1075 wladislao
972 1009 1132 1074 traditum
1155 1009 1266 1074 fuerat
1297 1007 1469 1090 capellano

267 1122 496 1206 Engelsealoo,
530 1122 723 1190 Friderious
747 1124 813 1189 dux
843 1123 878 1188 in
902 1136 1148 1203 recompensam
1183 1123 1293 1189 danmi
1330 1121 1471 1187 contulit

264 1236 465 1311 monasterio
488 1237 624 1302 Zwetel.
655 1273 698 1283 -
733 1241 820 1301 1221.
852 1236 1015 1302 Otaoarus
1039 1254 1098 1301 rex
1128 1235 1331 1301 monasterio
1364 1236 1468 1302 Suet·

264 1346 350 1414 lensi
375 1347 549 1413 confirmat
575 1349 746 1430 praedium
759 1351 930 1431 quoddam,
952 1351 1039 1429 ‹puod
1051 1349 1139 1430 vulg.
1153 1349 1259 1415 Sahar
1271 1348 1469 1431 appellatur,

266 1461 538 1540 quemadmodum
572 1459 679 1526 frater
711 1461 782 1544 ejus
817 1463 884 1525 dux
914 1461 1004 1528 Frid.
1030 1460 1154 1526 eisdem
1190 1461 1386 1543 contulerat,
1420 1461 1469 1526 ita

266 1576 378 1639 tamen
415 1574 502 1652 quod
540 1573 645 1654 ipsam
681 1573 797 1640 silvam
829 1591 894 1638 non
923 1574 1112 1655 exstirpent
1144 1576 1186 1639 ad
1221 1579 1334 1641 terrae
1369 1592 1468 1641 noeu-

266 1690 419 1751 mentum.
437 1724 480 1732 —
497 1686 637 1751 Fratres
651 1685 853 1752 Suetlenses
866 1688 1093 1769 possessiones
1112 1687 1263 1756 diversas
1278 1687 1312 1753 in
1332 1687 1468 1753 Boemia

144 1818 147 1827 ¹
266 1798 359 1881 sitae,
397 1798 462 1866 vid.
487 1798 692 1881 Witingawe
722 1803 758 1864 et
781 1798 895 1882 Saher,
927 1800 1160 1868 vendiderunt.
1195 1799 1297 1880 (Stift.
1320 1801 1414 1866 Buoh
1437 1821 1467 1868 v.

265 1911 430 1995 Zwettel.)

223 2123 407 2211 ungrani,
430 2124 641 2195 Zahrddka.
664 2127 863 2211 (Zahradka,
887 2129 955 2194 Plz.
978 2133 1064 2208 4118.)

329 2244 410 2305 1183
437 2245 470 2306 et
497 2245 587 2306 1185.
620 2241 813 2307 Friderieus
843 2244 910 2308 dux
941 2242 1099 2323 hospitali
1134 2246 1165 2308 S.
1197 2244 1339 2308 doannis
1373 2243 1465 2309 Hier.

266 2353 406 2419 contulit
429 2372 488 2435 pro
512 2354 667 2419 Borizlau
690 2357 849 2435 quiasdam
873 2355 969 2423 villan
993 2356 1157 2435 quondam
1180 2358 1223 2421 ad
1245 2354 1369 2422 Satlreo
1393 2376 1465 2438 per-

265 2465 427 2533 tinentes:
451 2467 481 2532 V
504 2467 659 2550 Zagraffi,
682 2468 713 2533 U
735 2467 924 2551 Zahradky.

220 2680 487 2768 Zahoiejevioi.
511 2682 740 2767 (Zaihoiioez
754 2682 929 2765 Sahorsoh,
952 2682 1017 2748 Lit.
1041 2684 1105 2766 48.)

328 2800 419 2861 1092.
444 2795 614 2860 Corradus
638 2796 704 2859 dux
727 2813 810 2859 mon.
835 2794 967 2864 Ostrou.
991 2796 1084 2861 dedit
1096 2797 1131 2862 in
1142 2796 1276 2864 Boemia
1293 2799 1465 2880 praedium

264 2907 522 2992 Zahoregewioy
547 2914 582 2974 et
604 2908 717 2977 villam
741 2909 962 2991 Ohraberoyh.

220 3096 390 3184 Zajadiei.
415 3099 590 3183 (Zajedioa
614 3101 733 3167 Ohrnd.
760 3105 831 3184 185,
853 3101 933 3167 Kui.
958 3103 1040 3183 229.)

326 3216 417 3276 1194.
441 3212 607 3277 Martinus
631 3214 672 3278 de
694 3213 829 3280 Zaiaoio
852 3214 960 3282 testis,

220 3425 353 3513 Zajedr'.
377 3428 510 3512 (Zajedi
533 3429 610 3496 Ber.
634 3430 719 3512 253.)

323 3544 525 3607 eoa-1003.
549 3542 721 3608 Boleslaus
744 3542 805 3607 III.
829 3560 912 3608 mon.
929 3541 1059 3610 Ostrou.
1085 3542 1465 3626 oontulitWodoehody‚

263 3653 416 3736 ZaJeoya
440 3654 564 3720 Blasio.

219 3864 423 3937 Zakolniou
446 3867 624 3954 spelunea
648 3867 696 3938 ad
720 3870 911 3940 Sozavam.

323 3982 515 4048 Braoislaus
538 3986 605 4049 dux
639 3984 849 4051 donationem
872 3983 977 4064 pratris
1001 3982 1060 4065 sui,
1093 3982 1213 4048 flumen
1243 3984 1308 4052 uid.
1332 3988 1462 4051 subter·

262 4094 367 4161 fluens
390 4114 410 4159 a
433 4095 576 4162 Milobuz
608 4115 712 4176 usque
744 4100 786 4162 ad
818 4097 1016 4179 speluncam,
1040 4113 1125 4175 quae
1156 4096 1256 4178 vulgo
1285 4099 1463 4164 Zaeolnioa

262 4208 393 4291 dieitur,
410 4228 483 4274 oum
497 4210 603 4290 pratis
617 4215 651 4274 et
663 4209 748 4279 silva
760 4211 982 4294 interjacente
992 4247 1034 4254 —
1044 4210 1280 4276 corroboravit.
1291 4211 1410 4295 (Cant.)
1419 4250 1462 4258 -

262 4321 443 4403 Procopius
453 4322 629 4404 supercilio
639 4323 975 4409 cujusdamdesertae
984 4320 1162 4404 speluncae
1175 4323 1333 4389 consedit.
1343 4322 1464 4411 (dont.)

235 4509 375 4581 Zalabi.

219 4515 232 4595 ‹
324 4512 415 4691 1137.
450 4626 583 4711 Borivoj
608 4626 707 4693 fratri
730 4647 787 4693 auo
811 4629 869 4692 dat
893 4624 1059 4692 dimidiam
1083 4625 1135 4690 sui
1157 4626 1298 4692 ducatus
1323 4631 1462 4713 partem,

262 4757 347 4826 quae
370 4739 437 4806 sita
459 4740 549 4807 ultra
571 4739 704 4808 duvirun
727 4740 819 4809 Labe
842 4738 952 4807 tendit
974 4741 1018 4807 ad
1040 4737 1236 4821 aquilonem.
1259 4740 1387 4829 (Coum.)
