3278 5332
692 445 856 516 ..65-

150 646 265 723 Lesoe
288 648 423 737 flumen
446 652 494 726 od
516 655 715 745 Vojkovio.

256 774 435 836 1173-89.
460 771 635 838 Terminus
659 775 787 856 praedii
811 775 990 860 Vojkovio:
1026 777 1175 862 Quartus
1206 782 1249 847 ad
1279 782 1390 850 villam

193 879 421 968 Soonelvaldo,
453 889 487 950 et
522 884 570 950 sio
603 905 664 967 per
696 887 856 954 directum
893 891 935 954 ad
965 888 1085 957 flumen
1116 892 1246 961 Lesobo
1278 899 1312 960 ot
1344 896 1393 963 ito

192 997 325 1063 teudem
349 1015 384 1062 m
406 997 531 1081 Egrom
554 998 698 1066 fluvium.

21 1177 27 1185 ⁵
150 1208 363 1282 Leskovioi.
387 1213 599 1300 (Leskoviee,
622 1218 740 1283 Preob.
764 1221 849 1303 331.)

254 1325 421 1393 Henrious
457 1331 523 1394 dux
555 1348 639 1396 mon.
672 1331 833 1398 Kladrub.
867 1332 1008 1398 eontulit
1040 1334 1224 1418 circuitum,
1259 1337 1293 1402 in
1327 1358 1392 1419 quo

190 1442 269 1503 sunt
291 1439 389 1507 villae
414 1459 488 1507 sex:
512 1442 752 1528 Bezdodowiei,
769 1445 929 1529 05555151,
942 1446 1137 1530 Leukowioi,
1151 1448 1390 1533 Wanuorowu

193 1549 474 1636 Wrotiwoyovioi.

147 1755 300 1829 Lemno.
324 1759 481 1846 (Ledouy,
504 1763 638 1847 Libuny,
662 1763 746 1830 Rek.
771 1765 835 1848 20.)

255 1879 348 1940 1185.
370 1874 563 1942 Friderious
588 1878 653 1941 dux
676 1877 767 1960 hosp.
799 1882 831 1944 S.
859 1878 950 1944 loun.
980 1879 1072 1946 Hier.
1102 1882 1246 1948 eontulit
1276 1885 1390 1953 uillam

191 1987 321 2054 nomine
344 1988 481 2054 Lessnn.
504 2027 546 2034 -
572 1995 663 2056 1186.
687 1991 738 2058 De
762 2010 893 2056 camora
915 2010 987 2058 meo
1001 1995 1390 2064 secundumfaoultatem

191 2119 296 2167 meum
320 2104 419 2169 etad
442 2104 637 2186 petitionem
661 2104 802 2170 omnium
826 2106 993 2192 nobilium,
1025 2107 1255 2193 quimorem,
1280 2110 1392 2177 villum

193 2231 277 2293 quoe
310 2214 435 2281 dicitur
471 2217 710 2300 Lemannum
747 2219 932 2286 hominibus
971 2220 1091 2286 ibidem
1130 2221 1392 2290 consistentibus

193 2329 364 2410 praedicto
388 2330 545 2414 hospitali
567 2333 653 2400 dedi.

149 2534 322 2607 heudone.
346 2540 507 2624 (Lestony
524 2569 564 2595 --
581 2540 822 2624 Liohtenstein‚
845 2542 913 2607 Piz.
936 2542 1023 2628 410.)

253 2656 345 2717 1115.
368 2651 530 2719 Aroteres
554 2653 646 2720 dedit
668 2652 872 2719 Wladislaus
887 2655 913 2720 Ι.
939 2673 1022 2721 mon.
1045 2654 1219 2722 Klndrub.:
1242 2656 1405 2725 Losohns*

191 2762 341 2848 Zinogor.
364 2804 407 2812 —
431 2771 524 2833 1115.
547 2766 667 2832 Breuis
691 2766 783 2832 dedit
806 2784 889 2849 mon.
911 2765 1071 2834 Klndrub.
1088 2768 1121 2833 iu
1137 2768 1217 2836 villa
1239 2769 1391 2836 Lesohnn

190 2882 315 2943 torrem
336 2881 379 2943 ad
402 2884 550 2945 aratrum
573 2884 608 2945 et
630 2884 759 2963 portem
782 2879 882 2946 villae
906 2884 940 2947 ot
962 2880 1131 2963 piscinam.

251 2989 354 3045 Lesdts
367 3015 397 3038 =
408 2991 459 3045 loe.
479 2991 612 3059 Lesdane.

148 3180 288 3252 hosden
312 3184 489 3252 oestrum.
512 3184 652 3267 (bsteni,
675 3186 754 3250 Bor.
778 3184 867 3270 154.)

253 3301 346 3362 1055.
369 3296 573 3380 Spytigueus
601 3300 719 3362 nurum
750 3316 842 3363 suam
873 3296 1057 3379 (Wratislni
1081 3305 1226 3380 uxorem)
1249 3317 1395 3382 eompre-

82 3404 84 3409 ’
193 3409 329 3475 hensam
351 3408 441 3474 misit
459 3409 493 3474 in
509 3411 672 3490 quoddam
695 3413 841 3474 oestrum
863 3409 1126 3492 munitissimum,
1149 3430 1231 3478 nom.
1255 3412 1396 3494 Lesbon,

194 3524 401 3588 committens
425 3540 497 3589 eam
518 3525 561 3587 od
585 3521 836 3588 custodiendum
859 3521 970 3588 oomiti
992 3522 1103 3588 Mztis.
1125 3523 1255 3609 (Cosm.)

150 3730 280 3818 LesbJ'e
301 3729 494 3800 terminus.

254 3851 327 3911 993.
349 3845 444 3912 Mons
467 3845 613 3910 incultus
641 3847 683 3909 ad
712 3841 891 3924 meridiem,
921 3843 1062 3907 tondens
1092 3861 1113 3907 5
1142 3842 1230 3910 bivio
1254 3845 1393 3923 quodam

192 3957 439 4025 Sohiruowuice
463 3959 560 4042 dioto,
584 3976 643 4040 per
666 3958 828 4022 directum
862 3974 966 4035 usque
991 3958 1033 4021 od
1056 3956 1163 4022 Lesoe
1187 3963 1221 4022 et
1244 3976 1264 4022 5
1287 3957 1394 4022 Lesoe

163 4090 298 4155 ‘usque
328 4075 370 4138 ad
394 4092 517 4156 sexum,
549 4072 606 4152 qui
636 4076 689 4136 est
717 4072 845 4152 positus
877 4071 910 4135 in
941 4069 1005 4152 via,
1037 4088 1096 4152 per
1126 4087 1224 4149 quern
1255 4070 1324 4134 itur
1353 4073 1394 4135 od

193 4185 364 4255 civitatem
387 4188 538 4270 Pragem.

154 4410 296 4482 [sobino.
318 4413 455 4498 (Libius,
478 4413 547 4478 Plz.
571 4410 658 4496 393.)

255 4531 347 4592 1115.
385 4526 587 4592 Monasterio
625 4526 785 4591 Kladrub.
823 4525 950 4589 Cranen
991 4521 1133 4588 eontulit
1170 4520 1311 4586 Lesoiue
1349 4522 1390 4586 ad

194 4659 292 4706 unum
316 4647 473 4707 aratrum.

250 4780 341 4833 Jrresei,
355 4781 450 4832 ropogr.
464 4780 534 4821 noem.
1203 4756 1220 4809 5
