3278 5332
719 549 945 629 ..XXV-

119 804 124 812 ·
208 752 336 823 Bellis.
434 763 438 767 ’

309 875 382 933 873.
406 868 621 934 Hludowicus
645 888 705 934 rex
728 871 771 934 ad
794 847 1022 950 Reginisburg
1034 871 1247 954 perveniens,
1267 872 1454 953 permissos

249 998 325 1047 suos
349 981 514 1047 Vinidos
538 985 598 1048 snb
630 981 773 1049 diversis
795 980 1001 1063 principibus
1035 984 1238 1050 constitutos
1272 987 1453 1065 modoque

248 1093 358 1174 potuit
380 1094 446 1161 sibi
468 1095 717 1174 reconciliavit,
751 1094 882 1177 legatos
913 1099 1024 1159 autom
1047 1097 1089 1160 ab
1118 1095 1194 1178 illis,
1228 1097 1285 1176 qui
1317 1098 1451 1163 Behtn

246 1206 413 1289 dicuntur,
453 1225 526 1272 cum
565 1208 639 1272 dolo
677 1208 794 1273 russos
835 1207 1030 1289 suspiciens,
1068 1207 1102 1272 iu
1139 1226 1309 1275 carcerem
1349 1209 1449 1275 misit.

249 1317 433 1404 (Hincmar.
457 1320 589 1402 Annal.)

206 1480 367 1551 Behemi.
390 1522 434 1531 —
456 1481 669 1553 Behemaui.

247 1664 250 1669 ,
305 1602 377 1662 874.
401 1598 600 1665 Ludowicus
624 1618 683 1665 rex
706 1600 740 1664 in
764 1599 844 1666 villa
874 1600 1052 1668 Foraheim
1075 1601 1206 1683 legatos
1235 1598 1448 1666 Zuentibaldi

246 1728 361 1791 pacem
385 1716 540 1790 petentes
565 1715 600 1776 et
632 1711 829 1777 fidelitatem
853 1712 1096 1795 promittentes,
1128 1713 1285 1793 suscepit.
1319 1713 1450 1778 Behe-

246 1842 397 1888 morum
421 1841 552 1903 quoque
575 1813 692 1889 nuntia
714 1824 844 1891 audivit
868 1830 902 1889 et
922 1825 1067 1893 absolvit
1091 1825 1188 1901 (Anu.
1212 1825 1331 1908 uului
1354 1825 1447 1891 Idem

245 1954 318 2000 cum
340 1935 561 2001 Zuentibaldo
586 1939 671 2001 duce
694 1935 941 2002 Marahensium
966 1937 1205 2020 subjectionem
1233 1955 1292 2016 per
1314 1935 1446 2020 legatos

243 2048 460 2129 promittente
492 2052 526 2113 ct
560 2047 657 2113 iidem
692 2066 891 2129 censumque
927 2068 1071 2115 annuum
1105 2050 1294 2132 pollicente,
1328 2069 1445 2130 pacem

242 2159 342 2241 fecit,
376 2162 727 2239 Bohcmauosque
758 2161 845 2257 idem
869 2159 1033 2227 iacientes
1058 2163 1214 2244 suscepit.
1249 2163 1442 2247 (Hermann.

242 2273 424 2357 Contract.)

197 2454 325 2563 ¹Sclavi
349 2453 605 2524 Behemcuses.

300 2575 372 2634 876.
403 2569 663 2634 (larolomanuns
694 2570 833 2635 sortitus
869 2575 922 2636 est
954 2569 1130 2652 Boiariam,
1169 2571 1374 2637 Pannoniam
1411 2577 1445 2637 et

196 2766 198 2768 q
238 2684 441 2749 Carnuntum
476 2682 734 2764 (Carantauuml,
766 2701 917 2748 necnon
949 2688 984 2748 ct
1015 2702 1121 2766 regua
1151 2683 1342 2751 Sclavorum
1372 2686 1442 2750 Be-

238 2797 410 2861 humens
424 2796 502 2860 ium
526 2802 561 2862 et
584 2795 839 2861 Marahensium.
864 2795 1003 2883 (Regin.)

196 2974 359 3045 Behemi.

298 3096 370 3164 880.
395 3055 514 3172 Sclavi,
538 3089 595 3170 qui
619 3094 784 3156 vocantur
806 3091 966 3155 Dalmatii
997 3094 1033 3154 et
1056 3091 1227 3156 Behemi
1258 3095 1295 3156 at
1319 3091 1437 3158 Sorabi
1516 3160 1519 3165 ,

192 3215 194 3218 ’
238 3203 408 3282 ceterique
453 3201 667 3269 circumcirca
709 3202 819 3283 vicini,
862 3203 1038 3267 audientes
1082 3207 1228 3285 stragem
1271 3203 1436 3269 Saxonum

238 3315 502 3381 aNordmannis
525 3314 657 3397 factam,
687 3314 816 3395 pariter
839 3315 1028 3396 conglobati
1052 3315 1252 3398 Thuringios
1276 3316 1435 3383 invadere

193 3438 196 3444 ’
237 3429 399 3511 nituntur,
424 3433 458 3494 et
480 3428 514 3493 in
531 3427 762 3494 Sclaviscirca
778 3425 888 3492 Salam
903 3426 1046 3509 fiuvium,
1069 3426 1262 3510 Thuringiis
1274 3426 1436 3509 fidelibus,

235 3545 377 3623 praedas
402 3546 435 3607 et
465 3541 620 3608 incendia
651 3544 818 3605 exercent.
858 3538 984 3620 Quibus
1012 3541 1125 3621 Poppo
1160 3559 1267 3606 comes
1297 3545 1333 3605 at
1367 3543 1435 3606 dux

235 3654 385 3721 Sorabici
407 3654 522 3720 limitis
545 3653 691 3720 occurrit
714 3658 777 3719 etc.
801 3651 901 3738 (Ana.
926 3653 1035 3733 Fam.)

192 3818 448 3888 Behemenses
471 3858 515 3867 -
537 3817 696 3888 Behemi.
1217 3903 1221 3907 ,

294 3939 366 3998 890.
401 3933 593 4014 Arnulphus
632 3951 692 3999 ren
729 3932 895 3999 concessit
929 3933 1159 4016 Zueutibaldo,
1182 3933 1429 4000 Marahensium

193 4097 195 4101 Α
234 4045 428 4112 Sclavorum
462 4046 547 4128 duci,
586 4048 783 4111 ducatum
817 4046 1155 4129 Bchemensium,
1189 4047 1246 4126 qui
1268 4047 1431 4113 hacteuus

231 4159 414 4240 principem
451 4176 531 4224 suae
571 4158 781 4240 cognationis
813 4177 853 4223 ac
888 4152 998 4240 gentis
1029 4176 1129 4239 super
1164 4176 1200 4224 se
1234 4161 1429 4241 habuerant,

230 4271 501 4350 Francorumque
525 4271 660 4352 regibus
683 4269 880 4336 fidelitatem
903 4270 1096 4351 promissam
1118 4271 1278 4345 inviolato
1294 4270 1431 4338 foedere

231 4387 523 4465 conservaverant,
556 4402 594 4449 00
617 4384 704 4462 quod
726 4382 783 4465 illi,
815 4387 994 4462 antequam
1017 4383 1051 4447 10
1074 4383 1170 4465 regni
1193 4381 1329 4466 fastigio
1352 4388 1429 4451 sub·

228 4497 410 4585 limaretur,
456 4495 695 4562 familiaritatis
739 4495 849 4577 gratia
892 4493 995 4560 fuerit
1044 4512 1232 4575 connexus3
1285 4498 1428 4578 deniqne

204 4592 330 4674 *filium
353 4609 434 4691 ejus,
459 4627 556 4688 quam
580 4626 620 4673 ex
640 4607 761 4688 pellice
784 4611 987 4689 susceperat,
1011 4625 1031 4669 a
1059 4605 1265 4675 sacrofonte
1286 4609 1425 4694 levavit,

103 4766 107 4771 -
225 4740 364 4802 eumque
388 4741 429 4787 ex
453 4722 581 4787 nomine
612 4737 670 4785 suo
692 4720 900 4787 Zwantibold
924 4721 1087 4801 appellari
1113 4719 1202 4787 fecit.
1239 4721 1330 4806 Quae
1361 4741 1416 4788 res
