3278 5332
783 515 947 579 ..Π-

290 707 435 791 terarum
459 725 552 789 nasci
576 726 718 806 constat,
753 741 837 802 quae
861 722 999 802 reliquis
1034 723 1070 786 in
1092 721 1174 786 loeis
1197 720 1271 788 uisa
1305 740 1370 785 non
1405 721 1490 801 sint3

290 859 330 904 ex
354 838 473 918 quibus
497 857 581 917 quae
605 838 744 902 maxime
768 835 923 902 differant
946 839 987 903 ab
1012 836 1134 901 ceteris
1158 839 1193 900 et
1216 834 1392 900 memoriae
1416 854 1490 916 pro-

289 955 398 1018 denda
419 951 607 1033 uideantur,
631 951 715 1016 haec
739 952 831 1015 sunt:
856 951 921 1014 Bos
946 948 1165 1031 cervifigura,
1189 948 1364 1027 itemquae
1378 948 1488 1028 appel-

286 1066 398 1133 lantur
421 1065 520 1146 alces,
543 1064 679 1129 tertium
703 1081 808 1146 genus
833 1081 943 1128 eorum
968 1062 1024 1143 qui
1047 1061 1099 1126 uri
1122 1060 1342 1142 appellantur.

351 1178 380 1230 C.
400 1174 497 1231 Julii
517 1175 691 1230 Caesaris
721 1174 845 1241 ,Bellum
869 1173 1032 1242 Callioum“,
1059 1189 1097 1228 ca.
1128 1187 1229 1226 annum
1254 1175 1283 1224 51
1312 1177 1395 1226 ante
1424 1173 1487 1225 Cbr.

289 1272 483 1341 conscriptum,
510 1272 555 1324 lib.
576 1271 624 1340 VI,
645 1286 702 1336 cap.
722 1272 756 1323 24
776 1274 804 1322 et
822 1272 856 1323 25
882 1270 961 1338 (edit.
982 1271 1064 1323 Bern.
1083 1269 1214 1331 Dinterii.
1236 1299 1269 1307 —
1287 1269 1487 1322 Eratosthenis

291 1367 445 1436 Cyrenaici,
471 1367 533 1420 nati
558 1383 629 1420 anno
655 1363 835 1434 cismarini
862 1380 933 1418 anno
953 1367 1002 1418 195
1028 1370 1116 1418 ante
1136 1365 1208 1435 Chr,
1237 1365 1425 1433 geographica
1444 1379 1488 1416 ru-

290 1463 413 1517 dimenta
432 1463 504 1529 aprud
525 1462 688 1516 Strabonem
707 1467 736 1515 et
753 1462 778 1515 J.
800 1461 953 1514 Caesarem.
974 1460 1187 1514 —Aristotelis
1207 1461 1365 1529 (ase-322)
1385 1461 1487 1527 „liete-

290 1559 446 1626 orologica“
466 1560 486 1612 I.
509 1561 554 1612 13:
575 1559 623 1611 ’Ab
643 1565 692 1612 τῶν
712 1562 779 1625 ὀρῶν
800 1564 849 1610 τῶν
869 1555 1008 1626 Ἆρκνυίων.

243 1772 434 1860 Hercynei
456 1773 587 1843 saltus.

348 1888 400 1952 De
422 1886 569 1953 transitu
593 1889 627 1950 in
660 1887 793 1952 Italiam
817 1886 984 1952 Gallorum
1016 1887 1098 1952 haec
1133 1887 1336 1967 accepimus:
1372 1887 1488 1952 Prisco

289 1999 468 2079 Tarquinio
493 2000 617 2064 Romae
641 2004 804 2082 regnante
828 2000 1006 2080 Celtarum,
1029 2017 1115 2079 quae
1139 2018 1216 2080 pars
1241 1999 1370 2066 Galliae
1384 2001 1486 2064 tertia

288 2119 349 2196 est,
379 2131 482 2194 penes
513 2113 684 2196 Bituriges
719 2131 843 2177 summa
878 2111 1009 2194 imperii
1042 2112 1122 2192 fuit3
1156 2111 1179 2175 ii
1213 2130 1325 2195 regem
1361 2112 1486 2177 Celtico

287 2227 420 2291 dabant.
459 2224 657 2308 Ambigatus
692 2224 815 2307 isfuit,
849 2225 976 2292 virtute
999 2225 1200 2305 fortunaque
1224 2244 1297 2290 cum
1334 2230 1485 2291 suatum

288 2338 420 2419 publica
443 2339 663 2421 praepollens,
693 2340 778 2418 quod
801 2339 836 2403 in
860 2338 996 2419 imperio
1021 2340 1092 2422 ejus
1117 2338 1226 2405 Gallia
1248 2342 1331 2405 adeo
1355 2339 1487 2422 frugum

287 2451 516 2530 hominumque
539 2450 660 2516 fertilis
684 2451 757 2534 fuit,
792 2457 830 2516 ut
853 2453 1027 2516 abundans
1056 2452 1232 2516 multitudo
1257 2452 1314 2519 vix
1344 2451 1417 2534 regi
1439 2451 1487 2517 ui-

288 2565 426 2629 deretur
449 2582 554 2644 posse.
588 2564 652 2630 Hic
675 2583 793 2647 magno
817 2570 899 2630 natu
922 2565 994 2646 ipse
1026 2564 1090 2630 iam
1115 2583 1296 2631 exonerare
1329 2583 1487 2649 praegra-

285 2681 389 2743 vante
411 2679 511 2742 turba
534 2696 672 2760 regnum
696 2681 841 2759 cupiens,
855 2678 1064 2745 Bellovesum
1077 2697 1115 2742 ao
1130 2678 1340 2761 Segouesum,
1365 2679 1487 2743 sororis

286 2788 379 2872 filios,
403 2789 550 2873 inpigros
574 2791 723 2873 iuvenes,
746 2791 920 2856 missurum
944 2811 980 2856 se
1005 2810 1078 2856 esse
1103 2792 1137 2856 in
1153 2809 1235 2870 quas
1260 2791 1306 2856 dii
1316 2792 1489 2857 dedissent

285 2901 434 2984 auguriis
473 2905 568 2969 sedes
593 2904 758 2969 ostendit:
794 2910 954 2984 quantum
985 2904 1048 2985 ipsi
1075 2905 1201 2970 vellent
1231 2923 1401 2969 numerum
1432 2905 1489 2968 ho·

287 3014 409 3080 minum
433 3015 593 3099 excirent,
616 3035 658 3081 ne
682 3036 747 3096 qua
764 3035 846 3098 gens
871 3035 987 3082 arcere
1009 3017 1229 3082 advenientes
1252 3022 1375 3098 posset.

348 3127 1486 3212 TumSegovesosortibusdatiHercyneisaltus3Belloveso

286 3240 375 3305 haud
387 3243 484 3322 paulo
494 3241 667 3308 laetiorem
678 3242 712 3307 in
724 3243 856 3308 Italiam
869 3243 955 3308 viam
967 3243 1000 3306 di
1017 3245 1150 3308 dabant.
1160 3243 1203 3324 Is,
1216 3243 1302 3322 quod
1312 3241 1363 3306 his
1378 3261 1419 3308 ex
1430 3261 1486 3324 po·

286 3353 371 3433 pulis
382 3356 583 3436 abundabat,
592 3354 772 3438 Bituriges,
785 3354 965 3436 Arvernos,
979 3355 1135 3437 Senones
1144 3354 1288 3438 Aeduos,
1297 3354 1486 3438 Ambarros,

286 3465 460 3549 Carnutes
483 3467 644 3532 Aulercos
659 3467 791 3535 excivit.
815 3467 990 3532 Profectus
1006 3466 1200 3549 ingentibus
1224 3467 1372 3548 peditum
1396 3466 1485 3546 equi-

288 3582 422 3656 tumque
447 3579 549 3660 copiis
562 3579 597 3644 in
614 3580 820 3645 Tricastinos
841 3580 944 3645 uenit.
968 3580 1071 3661 Alpes
1095 3579 1172 3645 inde
1184 3579 1357 3661 oppositae
1371 3583 1485 3658 erant,

286 3708 367 3769 quas
391 3691 678 3771 inexsuperabiles
701 3692 791 3758 visas
815 3693 903 3757 haud
927 3693 1081 3773 equidem
1102 3693 1213 3775 miror,
1236 3692 1405 3757 nulladum
1420 3690 1485 3774 via,

287 3805 373 3882 quod
398 3805 529 3882 quidem
564 3804 737 3870 continens
761 3805 916 3870 memoria
939 3805 993 3888 sit,
1028 3804 1092 3870 nisi
1115 3807 1156 3870 de
1187 3804 1332 3870 Hercule
1363 3802 1485 3870 fabulis

287 3919 425 3981 credere
448 3916 539 3999 libet,
562 3922 748 3997 superatas.
782 3916 835 3983 Ibi
859 3936 933 3982 cum
956 3919 1050 3983 velut
1074 3923 1208 3999 saeptos
1231 3917 1388 3983 montium
1410 3916 1484 3981 alti-

287 4030 367 4093 tudo
391 4034 524 4095 teneret
547 4029 670 4112 Gallos,
694 4029 1088 4114 circumspectarentque,
1121 4050 1261 4111 quanam
1284 4049 1345 4112 per
1366 4031 1485 4112 juncta

288 4142 379 4206 eaelo
399 4143 482 4225 juga
504 4142 539 4206 in
562 4143 662 4208 aliurn
685 4146 796 4208 orbem
827 4148 994 4208 terrarum
1016 4144 1212 4226 transirent,
1243 4143 1360 4226 religio
1384 4143 1485 4209 etiam

285 4253 404 4335 tenuit,
437 4256 524 4333 quod
547 4255 693 4320 adlatum
718 4260 778 4338 est,
812 4259 960 4321 advenas
984 4262 1185 4335 quaerentes
1216 4275 1331 4338 agrum
1360 4259 1403 4323 ab
1427 4256 1485 4322 Sa-

284 4367 410 4434 luvium
432 4356 534 4449 gente
559 4370 751 4450 oppugnari.
776 4369 1005 4434 Massilienses
1030 4374 1126 4434 erant
1150 4369 1183 4451 ii,
1207 4368 1349 4436 navibus
1366 4389 1385 4434 a
1402 4370 1485 4436 Pho·

286 4496 366 4542 caea
389 4478 539 4559 profecti.
574 4480 613 4545 Id
638 4481 726 4546 Galli
747 4480 903 4548 fortunae
926 4500 1007 4548 suae
1031 4500 1126 4546 omen
1149 4483 1224 4566 rati,
1254 4484 1424 4566 adiuvere,
1448 4487 1485 4547 ut

284 4606 380 4668 quem
403 4590 542 4671 primum
565 4591 600 4657 in
623 4597 747 4657 terram
770 4596 899 4677 egressi
911 4600 1158 4675 occupaverant
1170 4596 1278 4662 locum
1290 4595 1484 4679 patentibus

284 4699 416 4767 Saluvis
440 4703 686 4770 communirent.
709 4705 780 4787 Ipsi
802 4726 862 4788 per
885 4707 1046 4773 Taurinos
1071 4707 1243 4789 saltusque
1265 4709 1377 4775 Juliae
1389 4708 1485 4790 Alpis
