3278 5332
729 584 900 644 „39-

197 783 373 856 Neudorl.
395 786 566 869 (Neudorf,
589 787 671 853 Lok.
694 791 779 867 417.)
1137 885 1140 890 .

302 904 396 964 1196.
420 899 506 964 Mon.
541 899 723 965 Waldsass
758 899 948 981 possidebat
981 900 1016 965 in
1051 900 1186 966 Boemia
1220 901 1372 967 Neudorf
1400 907 1434 968 et

240 1013 370 1079 Rozstil
393 1017 494 1094 atque
517 1013 678 1095 olgomiz.

196 1199 409 1273 Neumlrioi.
432 1204 652 1287 (Naumblioe,
675 1204 760 1270 Rak.
787 1209 847 1284 11.)

302 1321 394 1383 1159.
426 1316 630 1383 wladislaus
661 1318 704 1383 ΙΙ.
735 1317 908 1383 continuat
937 1317 1099 1383 fratribus
1131 1318 1222 1398 hosp.
1254 1318 1285 1383 S.
1317 1319 1438 1385 loann.

240 1430 333 1497 Hier.
363 1435 488 1496 terram
518 1433 561 1496 ad
590 1431 608 1496 Ι
642 1436 790 1497 aratrum
821 1431 854 1496 iu
889 1430 977 1514 villa,
1012 1448 1098 1510 quae
1122 1428 1307 1512 Numerio,
1343 1450 1440 1510 quam

239 1548 366 1610 terram
388 1561 462 1608 eum
485 1543 570 1612 silva
594 1549 628 1608 et
652 1543 795 1625 pomerio
820 1547 970 1608 emerunt
992 1562 1013 1607 a
1036 1543 1130 1608 Lube
1147 1547 1181 1608 et
1197 1541 1272 1607 aliis
1289 1542 1440 1624 pluribus

240 1655 409 1722 militibus

196 1819 412 1891 Noutomioi..
436 1821 655 1906 (Nautomioe
679 1823 762 1887 Rak.
790 1823 850 1903 13.)

300 1934 393 2001 Soet.
416 1935 494 2001 XII.
518 1933 606 2000 Villa
628 1954 710 2000 mon.
724 1934 755 2000 S.
769 1932 905 2017 Georgii
918 1932 1007 1999 eirea
1019 1938 1165 1998 castrum
1177 1934 1320 2016 Pragam
1337 1934 1439 2000 Nuto-

239 2047 761 2129 11111111-1124318111118111111.
779 2051 822 2113 ad
837 2045 1032 2128 petitionem
1046 2046 1226 2128 Dlugomili
1242 2047 1375 2112 abbatis
1398 2050 1439 2113 de

239 2162 422 2243 Brewmw,
446 2164 604 2241 quosdam
627 2161 774 2226 homines
788 2160 970 2242 asscriptos
994 2160 1112 2244 glebae
1123 2159 1217 2242 (quos
1241 2162 1270 2225 b.
1294 2180 1332 2224 m.
1357 2160 1437 2225 Bro

242 2275 364 2341 cislaus
387 2275 422 2340 iu
444 2275 552 2340 tribus
575 2273 664 2342 villis
688 2277 729 2340 ad
753 2275 879 2357 regiam
895 2292 1042 2339 mensam
1057 2272 1092 2338 iu
1107 2272 1308 2338 victualibus
1322 2272 1440 2337 dandis

242 2387 435 2469 specialiter
468 2387 723 2469 pertinentibus,
758 2409 787 2454 r.
815 2387 850 2452 iu
879 2386 1114 2468 Buoohostiou
1147 2384 1378 2451 Nutlromioieh
1407 2392 1441 2452 et

241 2498 276 2565 iu
299 2498 490 2582 Segrovioh,
514 2500 713 2564 monasterio
728 2501 892 2568 Brevuov.
916 2500 1009 2565 dedit
1026 2504 1187 2581 perpetuo
1214 2498 1441 2582 possidendos,

241 2615 284 2677 ad
308 2611 418 2680 vioina
441 2613 579 2694 praedia
603 2614 750 2696 ejusdem
773 2613 967 2679 monasterii
991 2616 1032 2678 de
1055 2612 1144 2678 villis
1158 2612 1334 2678 uonriuatis
1350 2617 1441 2679 trau·

242 2726 307 2790 sire
331 2724 422 2807 feeit,
446 2725 601 2805 villisque
625 2728 665 2790 de
689 2745 772 2793 novo
804 2725 953 2791 illudatis
981 2730 1118 2808 propter
1141 2726 1298 2809 majorem
1324 2744 1441 2790 memo·

241 2839 326 2904 riam
349 2857 435 2904 nova
458 2837 589 2903 uonuua
620 2837 736 2902 taliter
763 2837 926 2921 imposuit,
958 2858 1002 2904 so.
1036 2843 1074 2904 ut
1097 2839 1185 2920 villa,
1220 2857 1305 2918 quae
1338 2858 1441 2920 prope

241 2950 453 3017 Nuthomioih
478 2954 539 3032 est,
565 2949 688 3030 „Hole“
715 2949 855 3016 dicatur.

198 3114 254 3184 Na
276 3113 420 3184 Novidi.
443 3115 597 3200 (Nevidy,
621 3115 689 3180 Plu.
714 3119 797 3194 3311.)

303 3228 396 3294 Saue.
419 3227 496 3292 ΧΠ.
519 3227 608 3292 Villa
631 3246 714 3291 mon.
740 3228 770 3291 8.
795 3226 931 3310 Georgii
955 3227 1006 3292 Na
1030 3225 1161 3295 Nevidi.

200 3415 435 3488 Nezabudioi.
461 3418 695 3499 (Nezabudioe,
718 3418 802 3483 Rak.
827 3421 888 3497 19.)

309 3536 399 3597 1186.
424 3533 509 3597 Mon.
544 3532 702 3596 Kladrub.
736 3530 852 3596 habuit
886 3530 1132 3596 Nezabudioioh
1163 3536 1306 3612 quatuor
1336 3531 1442 3610 pisoa·

244 3648 336 3710 tores
360 3644 504 3727 Milbost,
528 3643 625 3727 Otek,
660 3645 836 3726 Dolopeia,
860 3642 1064 3726 Soaztowoy.
1099 3680 1140 3691 -
1180 3647 1269 3707 1239.
1300 3643 1341 3707 In
1369 3661 1441 3724 pro-

245 3756 357 3824 viuoia
379 3757 603 3823 Rokteneusi:
628 3756 842 3823 Nesabudati.

201 3918 459 4008 Nezumyslioi.
484 3919 737 4006 (Nezamyslioa
760 3922 877 3986 Praeb.
902 3921 987 4004 345.)

310 4037 401 4099 1045.
425 4034 511 4098 Mon.
535 4033 724 4098 Brewnov.:
748 4032 978 4099 Nezamizlioo.

200 4206 330 4310 Nezly.
354 4223 471 4305 (Nezly
485 4222 689 4304 :Nesselm
712 4221 777 4287 Lit.
802 4228 852 4304 72,
878 4223 940 4304 73.)

308 4342 401 4402 1197.
425 4336 595 4402 Groznata
618 4353 725 4400 eomes
750 4334 876 4418 legavit
899 4334 992 4399 Nezli
1016 4333 1082 4400 filio
1105 4334 1208 4400 Petri.

200 4524 365 4597 Nezmiir.
388 4526 555 4611 (Nesmeri2
578 4525 658 4590 Kul.
683 4524 770 4610 220.)

305 4641 362 4707 (la.
387 4644 480 4704 1088.
513 4639 565 4703 Na
587 4638 737 4704 neumine
761 4642 853 4703 terra
876 4639 954 4704 ecel.
985 4637 1199 4728 Wyssegrad.
1223 4639 1266 4708 ad
1296 4642 1462 4710 aratrum.

246 4772 320 4827 tum
341 4751 615 4826 ministerialibus
637 4751 763 4842 Kvoob
787 4752 905 4825 Sobel.
