3278 5332
728 493 921 553 —160-

194 691 231 762 S.
243 691 452 765 Wenceslai
464 689 631 764 ecclesia.
644 694 710 778 (Su.
724 695 890 763 Vacslava·
901 714 970 779 vua,
983 724 1024 750 =
1037 694 1277 779 Wenzelsdorf,
1293 694 1360 761 Lit.
1377 696 1442 781 59.)

239 816 241 821 ·
302 811 394 873 1194.
418 808 494 874 Dux
517 808 710 875 Fridericus
733 808 893 890 hospitali
916 809 947 876 S.
969 809 1089 877 Joann.
1112 808 1204 898 Hier.
1228 809 1443 894 jamdudum

239 919 403 986 forensem
425 919 612 987 Ecclesiam
636 921 668 988 S.
691 921 885 988 Wencezlai
907 940 981 988 cum
1003 915 1080 989 sua¹
1099 925 1177 989 dcte
1201 922 1353 990 contulit.
1397 919 1399 923 ’

195 1108 424 1196 Verigcvici.
449 1111 656 1196 (Vcrikcvec,
684 1113 760 1180 Ber.
785 1113 871 1200 263.)
1396 1189 1399 1194 ,

155 1223 157 1229 ’
299 1224 354 1291 Ca.
382 1230 472 1291 1088,
495 1225 698 1293 Wratislaus
720 1226 763 1294 ΙΙ.
789 1227 867 1294 6661.
899 1225 1112 1310 Wyssegrad.
1145 1226 1289 1292 contulit
1312 1229 1355 1292 ad
1386 1247 1441 1293 cu·

237 1336 378 1403 stodiam
402 1336 581 1422 Uerigcuic
605 1341 647 1405 de
670 1344 762 1406 terra
784 1339 850 1406 VII
872 1358 1014 1407 manses,

196 1525 339 1598 verice.
375 1528 391 1594 1

301 1531 609 1710 mauducemus
633 1646 700 1710 dux
722 1644 883 1710 tratribus
906 1644 997 1726 hosp.
1021 1643 1053 1710 S.
1075 1642 1216 1709 Jcannis
1240 1645 1335 1711 Hier.
1365 1664 1440 1712 cun·

240 1755 349 1820 firmat
382 1757 623 1838 possessionem
656 1757 808 1826 villarum
847 1758 896 1823 eis
934 1777 954 1822 a
988 1757 1144 1822 Mesccne
1178 1756 1283 1823 fratre
1319 1757 1441 1825 nobilis

229 1869 431 1957 ¹Grcznatae
465 1890 523 1952 pro
558 1871 667 1937 salute
700 1871 829 1937 animae
864 1889 945 1936 suae
987 1869 1189 1954 collatarum,
1224 1890 1310 1951 quae
1344 1877 1441 1938 sunt:

102 2054 104 2059 ,
239 1983 373 2067 Pourly,
395 1983 515 2066 Rigici,
538 1984 689 2067 Rostcki‚
712 1984 863 2066 Werece‚
886 1985 1089 2069 Na·Ujezde.

200 2170 340 2241 Wesce.
364 2173 661 2257 (Viska--Fiska
684 2174 752 2239 Plz.
775 2175 863 2260 407.)
1300 2260 1303 2265 .

302 2289 394 2352 1169.
417 2288 529 2353 Metae
552 2287 819 2354 Manutiuenses:
851 2288 944 2373 Lipe,
967 2286 1085 2357 Kahcv
1109 2307 1180 2354 cum
1203 2288 1284 2371 fcrc,
1316 2289 1442 2356 Wescu

240 2417 314 2464 cum
336 2398 477 2466 flumine.

196 2562 373 2634 Vescane.
396 2566 560 2651 (Vestany
574 2569 804 2652 :Weschcu
828 2567 893 2631 Lit.
919 2566 982 2649 54.)

300 2678 393 2745 Sacc.
417 2679 494 2745 ΧΠ.
522 2680 716 2747 Fridericus
751 2682 791 2747 de
816 2678 982 2761 Spelunca
1016 2677 1165 2759 profilia
1195 2697 1253 2745 suc
1289 2678 1438 2745 Henricc

237 2791 399 2858 moriente
421 2794 562 2860 mediam
585 2795 697 2863 villam
720 2794 874 2861 Veschan
899 2791 1040 2858 contulit
1063 2791 1172 2857 domui
1195 2792 1353 2874 Doksan.‚
1376 2811 1436 2874 pro

235 2923 271 2970 se
294 2905 366 2986 ipso
400 2907 567 2972 residuam
586 2912 715 2989 partem
741 2908 887 2991 ejusdem
920 2905 1018 2974 villae
1043 2904 1215 2986 praefatae
1239 2905 1348 2971 domui
1383 2907 1438 2971 de·

239 3019 362 3084 cedens
385 3019 522 3103 legavit.

194 3181 477 3268 1566665566
501 3203 517 3249 s
540 3185 712 3269 kostelem,
734 3184 824 3250 Klat.
850 3184 947 3269 385.).

300 3301 392 3363 1181.
417 3299 502 3364 Oacc
525 3316 634 3364 cemes
666 3300 706 3363 de
742 3298 918 3364 Zeleznice
941 3315 1023 3362 mon.
1058 3297 1139 3361 Plau
1164 3296 1306 3363 cuntulit
1340 3296 1439 3364 villas

237 3409 350 3476 Biccw
375 3414 409 3499 et
432 3411 612 3477 Wilceccw
635 3415 669 3477 et
696 3410 889 3493 „circuitum
909 3429 1014 3476 mcum
1035 3427 1107 3475 curu
1138 3410 1254 3493 pratis,
1288 3409 1379 3495 agris
1404 3415 1439 3475 et

235 3523 350 3603 aquis‘
365 3528 435 3588 turn
450 3543 509 3605 pro
524 3524 653 3590 animae
667 3543 746 3590 suae
769 3524 915 3590 remedio
929 3529 999 3589 tum
1011 3543 1070 3605 pro
1084 3523 1234 3606 pecunia.
1261 3523 1434 3605 „Eundem

239 3640 349 3702 autem
373 3629 547 3702 circuitum
577 3639 644 3702 dux
674 3637 765 3704 Frid.
788 3637 892 3719 primo
927 3640 1069 3703 ducatus
1099 3637 1149 3703 sui
1182 3654 1278 3719 anna,
1309 3635 1441 3703 servitii

241 3766 372 3832 memor,
395 3749 474 3814 mihi
498 3750 668 3816 contulit“.

198 3902 332 3974 Vidim.
355 3905 486 3991 (Vidua,
509 3906 580 3972 Bal.
604 3909 667 3987 88.)
1000 3968 1003 3977 .

303 4023 393 4083 1186.
432 4020 519 4084 Mun.
557 4019 716 4086 Kladrub.
754 4020 872 4087 habuit
917 4021 950 4086 iu
989 4020 1108 4087 Widim
1147 4021 1327 4087 Trebatam
1368 4039 1442 4086 cum

240 4150 334 4197 curra
358 4151 427 4198 sua.

196 4318 425 4389 Widvazcda
449 4321 489 4406 (8)
512 4319 558 4388 ud
581 4320 736 4390 fiuvium
760 4320 914 4391 Sazuvu⁴

300 4440 392 4500 1178.
426 4435 604 4501 Exercitus
640 4434 888 4516 proficiscentes
921 4438 955 4499 et
989 4435 1078 4500 circa
1112 4436 1232 4501 Zazow
1265 4434 1346 4517 lucc,
1381 4434 1441 4515 qui

239 4547 362 4613 dicitur
399 4548 521 4617 Widva
560 4550 642 4614 zoda
680 4546 923 4634 (Widcahada)‚
958 4553 1144 4631 ructantes,
1184 4567 1263 4613 ecce
1300 4549 1439 4614 nuntius

238 4661 356 4727 missus
381 4663 421 4726 de
445 4662 556 4744 Praga
572 4713 579 4726 .
596 4713 626 4727 ..
649 4662 768 4748 (Gustu.
793 4663 899 4745 Cant.)
