3278 5332
648 565 649 568 κ
733 539 903 602 -52-

194 745 323 817 naon.
346 745 477 832 (aaran,
501 723 587 813 desi.
611 746 696 831 215.)

299 861 596 929 Oa.1142.Caoin
627 861 706 929 vilia
737 863 819 927 dom.
843 860 1001 944 Mirosiai,
1037 860 1158 928 oollata
1193 879 1276 927 mon.
1311 858 1440 926 Sedieo.

238 995 311 1042 enm
335 975 483 1042 omnibus
506 975 695 1041 attinentiis
719 975 788 1039 suis
813 977 983 1054 usquead
1015 975 1158 1042 rivulum
1181 975 1270 1040 eirea
1301 976 1441 1039 Bonam

240 1089 357 1156 silvam
379 1088 544 1153 fluentem.

69 1326 71 1331 ‚
197 1244 330 1314 Kadoi
353 1243 509 1329 burgus.
533 1245 661 1329 (Kadai
680 1273 721 1298 z
737 1243 886 1326 Kaaden,
909 1225 981 1308 Zet.
1006 1247 1068 1324 34.)

299 1359 417 1424 Kadair
461 1360 587 1441 burgus
632 1376 747 1423 novus.
795 1362 887 1421 1183.
931 1355 1124 1422 Friderious
1170 1359 1236 1421 dux
1279 1356 1441 1421 iratribus

239 1471 465 1554 hospitalariis
489 1472 520 1537 S.
550 1471 691 1537 Joannis
721 1469 813 1537 Hier.
836 1469 1034 1553 parochiam,
1068 1489 1153 1550 quae
1177 1469 1374 1534 aedificatur
1408 1470 1442 1533 in

242 1586 361 1651 Kadan
386 1603 486 1666 snper
517 1585 642 1667 Egram
671 1581 816 1665 fiuvium,
847 1582 1027 1647 confirmat.
1061 1622 1104 1628 —
1138 1589 1229 1647 1186.
1254 1583 1345 1647 idem
1376 1584 1443 1647 dnn

241 1700 382 1780 burgum
405 1715 525 1762 novum
549 1714 650 1776 super
672 1676 761 1777 Ogre
784 1694 919 1760 fluvium
943 1694 1051 1775 situm,
1086 1694 1217 1760 nomine
1241 1696 1363 1777 Cadan,
1387 1693 1444 1759 ubi

242 1815 276 1877 et
299 1809 473 1875 eeclesiam
495 1807 720 1889 hospitalariis
745 1807 776 1872 S.
794 1807 934 1873 Joannis
957 1808 1048 1873 Hier.
1072 1806 1248 1872 aedificare
1272 1815 1351 1873 ante
1367 1825 1444 1872 eon-

244 1928 401 2006 oesserat,
435 1922 574 2004 amplius
599 1925 759 2002 perpetuo
778 1922 854 2005 jure
878 1920 1113 2002 possidendum
1135 1939 1299 1986 consenso
1330 1921 1442 1985 uxoris

241 2056 322 2102 suae
345 2036 529 2117 Elisabeth,
552 2033 693 2099 tradidit
717 2034 849 2100 eisdem.
1121 2041 1123 2045 ‘
1432 2046 1434 2050 ’

198 2197 405 2268 Kaisovioi.
429 2199 627 2281 (Koysovioe
641 2229 681 2283 τ-
696 2199 928 2283 Geisohowitz,
951 2200 1019 2265 Plz.
1042 2200 1129 2283 404.)

303 2319 395 2378 1183.
418 2313 612 2378 Friderious
636 2315 707 2378 dux·
725 2312 882 2393 hospitali
905 2312 936 2377 S.
951 2314 975 2377 J
977 2312 1092 2378 oannis
1105 2312 1197 2377 Hier.
1214 2331 1273 2393 pro
1287 2312 1441 2377 Bor-istan

243 2426 334 2492 dedit
358 2428 517 2506 quasdam
540 2425 637 2491 villas
662 2429 826 2505 quondam
848 2428 890 2490 ad
915 2425 1037 2490 Satheo
1059 2425 1279 2507 pertinentes,
1298 2427 1366 2508 jorn
1387 2425 1443 2491 diu

242 2539 314 2605 fere
338 2541 505 2604 desertas:
529 2538 628 2604 Stare
652 2539 749 2604 Sedio
767 2590 773 2603 .
790 2590 820 2603 ..
843 2539 1032 2621 Kaysouiee
1049 2590 1055 2604 .
1073 2590 1102 2604 ..

200 2692 374 2763 Kalinioi.
399 2694 583 2780 (Kalenioe,
605 2696 722 2761 Praoh.
747 2699 830 2779 352.)

307 2813 399 2873 1045.
423 2809 509 2874 Mon.
533 2809 713 2874 Brevnov.:
740 2808 926 2890 „Kalinioih
950 2811 1031 2874 duos
1055 2809 1235 2874 homines“.

202 2971 350 3042 Kaliste
371 2975 479 3041 meta.

308 3093 400 3152 1131.
423 3087 591 3170 Zbigneus
616 3088 771 3153 sacerdos
795 3085 956 3152 ecciesiae
980 3086 1110 3152 Undtio.
1134 3086 1276 3151 eontulit
1295 3087 1443 3168 Huatynn

246 3219 319 3266 oum
343 3219 466 3283 campe,
498 3205 532 3265 et
555 3192 633 3266 eooe
661 3204 764 3265 rneta:
799 3199 922 3282 Magna
956 3199 1011 3264 via
1045 3218 1130 3279 quae
1159 3199 1258 3266 vadit
1292 3201 1445 3282 Pragam,

247 3318 350 3393 atque
373 3314 521 3396 Calysoe,
545 3314 667 3378 Bridoe
689 3313 782 3393 rupis
807 3317 869 3378 eto.

203 3476 362 3546 Kaliste.
381 3478 396 3542 P

307 3477 627 3656 1182.)thladisia11s
650 3591 693 3654 H.
717 3609 799 3655 nron.
830 3590 991 3655 Kladrnh,
1016 3591 1157 3655 eontulit
1187 3591 1293 3674 ujezd,
1316 3591 1351 3655 in
1382 3611 1447 3671 quo

248 3709 326 3770 sunt
350 3705 437 3769 sitae
459 3722 577 3770 novem
600 3703 717 3769 villae:
742 3703 878 3768 Caiisoe.

206 3888 391 3956 Kameneo
413 3886 577 3953 oestrum
600 3887 640 3972 (2²)
664 3886 702 3954 et
725 3884 929 3970 provinoia.

309 4002 364 4066 Ca.
389 4005 481 4065 1088.
504 4000 544 4064 In
568 4000 739 4080 provincia
762 3999 1004 4066 Kameneoensi
1019 4001 1079 4080 ,de
1095 3998 1287 4064 venditione
1301 3999 1446 4066 deoinnls
1545 4044 1547 4048 -

250 4114 426 4181 denarius“
453 4113 614 4179 ecelesiae
638 4113 918 4196 Wissegradensi.
937 4151 979 4158 -
1005 4118 1097 4176 1130.
1120 4113 1290 4177 Deohnarn
1305 4133 1450 4178 maroam

231 4212 234 4217 ⁴
251 4231 293 4294 de
315 4245 424 4292 annno
448 4226 574 4292 tributo
586 4225 710 4291 fratres
725 4227 929 4309 Wissegrad.
952 4226 987 4290 in
1002 4225 1066 4288 hiis
1083 4225 1277 4292 civitatibus
1293 4226 1449 4309 habeant,

249 4342 316 4408 vid.
341 4339 520 4422 Bolezlaui,
544 4339 708 4422 Oamenoi,
733 4339 866 4422 Gradoi,
890 4338 1023 4420 Opoone
1048 4343 1110 4403 eto.

209 4504 409 4575 Kamenioo
433 4506 487 4585 (ad
509 4505 690 4589 Kazndjov,
714 4506 782 4570 Pin.
806 4505 904 4591 4011).

315 4624 406 4684 1115.
429 4618 579 4702 Zbignen
604 4617 637 4683 in
661 4618 837 4684 Camenioh
861 4618 953 4684 dedit
976 4637 1059 4684 mon.
1087 4618 1246 4683 Kladrnb.
1270 4621 1312 4684 ad
1346 4637 1445 4685 unum

251 4737 409 4799 aratrum,
